4466 5536
303 405 306 414 .
423 355 473 426 ις
946 358 995 412 tte
1026 359 1227 420 etcrterrunr
1256 357 1528 418 rrrrrrrnrroa

419 567 502 622 nere
519 544 739 637 coniungeret
761 530 884 635 species
906 559 977 610 non
998 534 1060 610 nili
1086 536 1244 611 llrudlura
1266 539 1517 635 apothceiorum
1541 533 1789 612 concordantes.
1844 533 2052 612 Affinitatem

422 647 613 744 generieam
636 633 749 742 quoad
772 643 1025 736 apotheeioruru
1049 665 1205 714 verorum
1230 636 1438 711 constmilem
1463 632 1639 720 formam,
1673 640 1815 735 probant
1836 637 2053 711 Leeidcae

447 742 586 816 uaedam
601 735 621 813 s
639 745 814 814 eeieaeurn
837 741 1107 839 Gyroplnorir
1124 739 1321 840 quibusdam
1337 757 1565 835 comparatae,
1590 759 1622 810 at
1642 765 1712 810 oon
1736 735 1796 811 nili
1821 739 1931 812 habitu
1958 738 2053 812 thalli

420 768 692 942 distinguendae,
717 837 780 911 alia
803 859 838 912 ut
863 859 986 914 taceam
1004 844 1151 926 Genera,
1176 844 1261 913 inter
1283 865 1366 939 quae
1390 861 1657 911 commemorare
1678 835 1816 912 sufficiat
1837 843 2053 920 Everniaa

424 971 505 1024 eum
527 941 750 1017 Parmeliir
775 939 928 1028 collatae,
959 943 1194 1014 Lccanoraa
1219 964 1295 1012 cum
1322 940 1539 1012 Roecellir
1560 958 1592 1011 er
1612 940 1954 1024 collematibua,
1981 945 2051 1032 dr·

423 1049 594 1121 rhontaa
622 1068 701 1116 eum
729 1039 972 1127 Solorinir,
1004 1043 1157 1115 suetas
1181 1065 1260 1112 cum
1281 1043 1532 1116 Borrerie.et
1552 1039 1818 1124 Ramalioir,
1840 1045 2052 1114 Cornicu.

422 1145 553 1222 lariaa
570 1169 649 1218 eum
665 1145 820 1215 Urneit
835 1135 905 1217 ets.
927 1169 960 1239 p.
987 1173 1027 1194 ··
1078 1137 1142 1214 Sed
1160 1159 1278 1213 actam
1296 1140 1387 1213 thalli
1400 1135 1671 1212 conformatione
1687 1157 1753 1212 tarn
1770 1143 1872 1239 probe
1887 1139 2052 1242 quadrant

421 1249 638 1324 aliaGenera,
664 1263 699 1314 ur
713 1251 782 1314 vim
796 1264 931 1315 naturae
946 1237 1048 1316 inlrin
1074 1265 1202 1315 eremur
1218 1239 1377 1314 lilrorurn
1394 1235 1514 1338 species
1528 1239 1654 1337 aliquot
1664 1241 1703 1312 ab
1714 1245 1876 1340 apothecii
1891 1243 2051 1318 llrudlura

356 1412 361 1426 ,
426 1349 592 1450 paulisper
615 1337 815 1415 discedentes
844 1370 862 1413 a
883 1342 1017 1440 reliquia
1042 1269 1276 1442 deputaremur.
1335 1338 1497 1440 Exempla
1527 1360 1705 1415 occurrunt
1724 1347 1810 1419 inter
1833 1341 2051 1432 Leeidear,

426 1449 726 1547 Gyrophorae‚
751 1444 1005 1531 Parmeliar,
1025 1445 1270 1532 Cetrariaa,
1292 1443 1462 1532 suetan,
1485 1443 1687 1552 llorreraa
1707 1459 1769 1522 etc.

535 1646 647 1716 Sinin
668 1635 883 1740 dispolltione
906 1635 1110 1734 syllcmatica
1130 1641 1335 1730 Liclrertum,
1360 1635 1563 1716 Methodum
1586 1641 1765 1714 naturalem
1787 1669 1865 1718 cunr
1886 1647 2050 1722 artificiali

426 1743 742 1848 optime'coniungi
773 1737 864 1839 polle
886 1747 1026 1840 putavi,-
1064 1762 1161 1842 atque
1186 1745 1290 1814 hocce
1309 1739 1416 1815 modo
1440 1746 1597 1826 mixtam,
1629 1737 1734 1816 solam
1757 1740 1822 1817 ell'e
1846 1771 1909 1846 pro
1931 1747 2051 1845 plantia

425 1847 688 1946 cryptogamicia
711 1843 874 1942 plerisque
900 1841 1191 1940 amplectendam,
1225 1839 1315 1914 ficuti
1336 1847 1435 1915 eriam
1456 1838 1658 1914 utiliffimam
1679 1865 1776 1944 atque
1798 1853 1909 1936 tyroni
1932 1845 2052 1924 sacilli.

424 1941 996 2127 diltl‘lffltntll'dtllff
1015 1944 2052 2140 {llllfft‘t'flsliss'iitlss35353‘2‘2'2:tidilllilss

424 2167 491 2226 tate
509 2140 699 2228 delurotoa,
720 2143 852 2230 habita,
877 2141 968 2216 thalli
984 2168 1061 2216 cum
1078 2148 1127 2217 lrir
1148 2147 1365 2228 harmoniae,
1393 2141 1472 2238 julla
1493 2167 1531 2213 ac
1558 2139 1664 2216 debita
1685 2143 1971 2240 conlideratione,
1994 2179 2053 2226 na·

423 2268 517 2326 turae
532 2269 601 2320 non
619 2239 727 2316 sotum
745 2241 1089 2338 conuenientiffirrror,
1122 2238 1179 2320 led
1196 2242 1244 2320 ad
1265 2240 1716 2334 methodumlacilitandam
1740 2253 1888 2322 maxime
1907 2249 2051 2328 idoneor

424 2347 489 2428 effe
503 2327 845 2451 conaiGrQredimur.

538 2541 691 2622 Absentia
709 2543 761 2620 vel
776 2539 959 2646 prieseotia
973 2545 1181 2622 cellularum
1196 2563 1229 2620 et
1239 2541 1467 2620 Vesreulaturn
1482 2543 1667 2638 (tlrecarum
1678 2553 1898 2644 etSeminum
1908 2555 2055 2652 dieder.)

426 2673 608 2749 earumque
633 2643 765 2720 fernme
783 2643 930 2721 diuersae
953 2645 996 2719 ad
1021 2649 1134 2722 Genur
1155 2645 1327 2747 quoddam
1356 2651 1442 2719 inter
1463 2649 1621 2720 Lichenee
1638 2644 1856 2729 formandum
1877 2678 1910 2732 et
1927 2663 1968 2733 ab
1984 2662 2054 2736 alio

426 2746 955 2928 llltttqlilll‘illllds
971 2748 1146 2947 diffii-
1161 2748 1253 2923 ‘iil
1266 2747 2052 2946 l:liti:dlttlt‘imntl‘tltltz‘⁶11·

427 2953 626 3034 tinentibua,
652 2943 773 3023 scilicet
786 2969 856 3022 ram
871 2949 1025 3045 analogia
1039 2948 1129 3022 thalli
1146 2975 1245 3047 quarn
1261 2945 1374 3023 forma
1389 2951 1640 3046 apotheciorum
1654 2961 1947 3050 convenientibus,
1971 2887 2056 3038 dliae

428 3051 588 3138 Cellulir,
612 3073 683 3122 non
703 3075 782 3124 raro
806 3045 864 3122 sub
885 3047 1019 3122 direrfia
1041 3045 1180 3139 toron,
1204 3051 1288 3126 aliae
1308 3039 1464 3122 Vesrculia
1478 3047 1659 3148 praeditae,
1694 3055 1776 3126 aliae
1798 3057 1914 3132 iisdem
1940 3085 2053 3138 careo.

428 3174 476 3230 ter
488 3146 714 3226 observantur.
768 3151 974 3225 cellularum
988 3170 1117 3225 tantum
1133 3151 1268 3251 vestigia
1282 3154 1319 3223 itt
1334 3151 1406 3222 aliia
1423 3154 1657 3236 inveniuntur,
1687 3179 1771 3252 quae
1786 3163 1915 3255 optime
1935 3159 2054 3238 tellao.

426 3274 502 3339 tur,
527 3279 546 3324 a
563 3247 690 3326 diuersa
705 3271 738 3326 et
752 3245 888 3326 fortuita
906 3251 1211 3326 mernbranularum
1226 3271 1372 3325 texturae
1385 3249 1547 3322 cellelarie
1561 3245 1775 3350 dispolitione
1793 3259 1876 3331 intra
1892 3258 2053 3342 laminam

426 3355 480 3429 ael
497 3353 653 3428 nuleum
670 3353 897 3453 proligerum,
919 3349 1048 3425 lormaa
1063 3377 1175 3426 earum
1190 3348 1398 3450 dependere,
1425 3355 1539 3424 variari
1562 3385 1602 3408 -
1618 3372 1651 3427 et
1665 3351 1742 3428 ideo
1755 3355 1850 3431 ualde
1864 3363 2051 3440 inronllan.

394 3539 398 3548 ,
428 3475 474 3532 ter
494 3451 568 3530 ell'e.
620 3457 731 3527 Etiam
746 3455 834 3556 apud
851 3481 902 3529 ear
917 3452 1057 3553 speeies,
1092 3453 1208 3550 quibua
1228 3451 1365 3526 cellulae
1385 3451 1572 3548 completae
1593 3451 1647 3526 seu
1669 3453 1904 3534 determinatae
1924 3463 2052 3564 figurae

426 3548 1533 3732 {allollddtulli}”iitltlllllltlldsslt
1547 3551 2053 3740 &llll‘ii‘lllfi‘t‘t‘t‘m

426 3756 629 3834 includentia
651 3755 831 3856 aliquando
854 3681 1027 3830 obserudre
1050 3753 1152 3835 licuit.
1214 3757 1308 3828 Haec
1326 3759 1411 3826 iuter
1430 3773 1463 3826 et
1484 3679 1757 3856 apotheciaguera
1784 3689 2052 3860 lpuaenanllldtdd

428 3855 601 3936 intercedit
617 3853 815 3952 differentia,
840 3856 1076 3932 stllrudluram
1091 3875 1158 3928 tam
1176 3859 1341 3930 internam
1358 3879 1459 3954 quam
1476 3877 1644 3931 externam
1664 3857 1936 3938 confideremus!
1986 3867 2053 3944 Sed

427 3963 524 4044 talia,
550 3967 584 4034 in
600 3951 766 4056 speciehua
780 3957 821 4032 ad
837 3961 965 4034 Genera
979 3953 1191 4030 direrstffima
1207 3957 1441 4055 pertinentibus
1456 3979 1584 4032 tantum
1602 3983 1797 4046 occurrunt,
1831 3985 1864 4038 et
1889 3961 1912 4038 st
1937 3993 1978 4040 ex
2002 3973 2054 4046 hie

431 4063 599 4136 eharaGrr
618 4063 797 4132 Genericur
812 4055 1016 4148 lurrnrretur,
1041 4059 1309 4158 perturbarentur
1331 4079 1363 4130 et
1384 4060 1511 4132 Genera
1527 4083 1559 4133 et
1576 4067 1716 4162 Species.
1768 4068 1805 4135 ln
1823 4065 1940 4162 plantis
1959 4077 2054 4169 plrae-

433 4167 622 4261 oogartticia
639 4157 761 4236 lrudlur
781 4167 901 4254 eteius
922 4183 1027 4258 parter
1043 4163 1199 4257 egregioe
1226 4180 1260 4235 et
1276 4159 1459 4234 conllanrea
1476 4155 1719 4237 subministrant
1734 4167 1934 4240 citat-adlerer
1951 4197 2054 4266 pene·

432 4269 531 4338 ticor.
584 4267 634 4335 Ex
652 4259 808 4334 Veliculia
827 4283 859 4334 et
872 4262 1009 4336 Cellulia
1025 4262 1291 4356 apotheciorum,
1316 4265 1465 4360 quamvis
1480 4287 1552 4334 non
1569 4260 1629 4334 nili
1649 4287 1715 4358 ope
1731 4271 1895 4340 vitrorum
1911 4295 2054 4370 eorrrpo·

428 4362 569 4440 litorum
595 4359 704 4458 detegi
730 4355 882 4458 polluat,
914 4361 978 4436 tale
1004 4356 1233 4452 adjumentum
1259 4365 1358 4432 etiarn
1382 4361 1479 4432 nobie
1550 4361 1714 4437 lliceretur
1735 4371 1769 4437 in
1793 4365 2054 4448 detertninnodia

430 4467 615 4542 uenenum
632 4461 838 4545 Generibur,
863 4457 972 4535 modo
992 4457 1230 4536 constantiorea
1246 4455 1347 4532 ell'ent
1362 4485 1476 4532 earum
1496 4385 1646 4552 dolorm,
1672 4483 1769 4563 atque
1787 4495 1859 4542 non
1874 4497 1950 4546 raro
1968 4494 2056 4550 totae

311 4675 314 4682 Ι
432 4561 715 4652 defidarareotarre
737 4555 793 4640 sed
811 4553 928 4664 saepe,
956 4579 994 4637 ut
1012 4578 1109 4636 antea
1131 4557 1220 4653 diri,
1246 4565 1372 4636 uariam
1386 4563 1425 4636 iu
1441 4553 1606 4663 speciebua
1627 4563 1669 4642 ad
1690 4593 1796 4648 unum
1813 4567 1971 4677 idemque
1990 4579 2058 4652 Ge·

935 4689 939 4706 '
1573 4693 1577 4700 '
1991 4705 2055 4754 oua
