4398 5524
446 433 517 512 roz
1139 413 1360 486 ueruroua.

548 609 690 684 Thallus
705 616 740 683 in
760 611 1024 710 Nephromae
1044 604 1205 708 speciebus
1224 603 1332 680 subtus
1348 612 1488 682 minime
1507 606 1668 703 venosus,
1703 607 1757 686 sed
1782 631 1836 686 aut
1859 613 1940 688 villo
1965 620 2060 687 tenui

434 735 497 812 pro
516 733 607 810 parte
623 711 746 784 ibidem
764 715 869 784 tesius
884 734 938 784 aut
954 709 1072 784 nudus.

451 942 459 956 Ι
483 938 504 1010 Γ
530 841 729 1010 snppthepia
747 842 879 935 gemina
898 838 949 909 vel
964 857 1054 908 terua
1071 829 1195 932 saepius
1210 852 1387 906 occurrunt
1401 837 1436 905 iu
1448 796 1517 907 uno
1536 793 1722 934 eudemone
1742 834 1859 910 lobulo
1876 837 1967 910 thalli
1988 863 2067 937 par·

436 957 506 1010 nar
543 963 584 1010 eu
623 959 680 1008 ern
697 966 719 1013 r.

551 1063 636 1134 intre
667 1066 825 1134 Laruinae
853 1061 1036 1158 proligerae
1064 1054 1271 1130 subllumiam
1299 1057 1449 1130 cellulae
1475 1055 1691 1136 dislinoiioree
1718 1059 1936 1156 utplurimum
1963 1063 2067 1134 obue-

437 1167 535 1236 niunt
554 1187 655 1261 quam
682 1168 716 1234 in
744 1161 959 1234 Peltideia.

548 1291 682 1359 Nomen
703 1290 874 1369 (ienerisa
895 1290 1032 1374 rediges,
1057 1283 1131 1354 'ren
1161 1299 1192 1351 et
1216 1306 1278 1374 epten
1299 1277 1455 1354 similis
1478 1279 1703 1378 compostum
1726 1284 1793 1370 eil,
1826 1311 1905 1356 nam
1924 1287 2064 1358 Lamina

436 1390 609 1485 Apotltceii
636 1385 827 1456 renisurmis
853 1383 907 1455 est.

549 1507 598 1578 nd
622 1513 689 1580 hoc
717 1513 827 1580 Genus
855 1501 1047 1576 referendae
1075 1507 1315 1574 erueremur
1343 1507 1435 1594 Sper.
1463 1501 1647 1592 Hoffm,
1682 1504 1866 1597 Sohund„
1890 1511 2059 1587 Schreb.

433 1607 568 1684 Subdiu.
593 1613 681 1682 Lich.
703 1616 737 1681 in
755 1613 837 1687 Gen.
858 1607 905 1685 l’l.
933 1639 974 1660 ·-
1026 1608 1238 1674 Peueruune
1256 1606 1350 1704 Sper.
1370 1607 1516 1677 Achae.
1534 1607 1643 1682 Meth,
1667 1608 1759 1677 Lich.

905 1811 1213 1910 Explicatio
1265 1815 1582 1908 Figuratum.

1146 1961 1248 2030 Teb.
1288 1964 1352 2034 xt.

431 2123 494 2196 fig.
518 2130 546 2181 1.
590 2121 625 2177 A.
645 2110 856 2185 Nuulzromne
870 2107 995 2181 polaris
1011 2106 1199 2186 apothecinrn
1219 2127 1284 2166 etun
1307 2103 1389 2187 parte
1406 2106 1491 2168 thalli
1507 2108 1526 2168 s.
1543 2107 1637 2171 lobuli
1652 2109 1806 2190 partialis,
1827 2109 2051 2193 perpendicula·

668 2195 742 2252 riter
760 2204 789 2248 et
805 2185 962 2246 secundnm
988 2184 1204 2262 longitudinem
1225 2187 1311 2262 lrnjue
1331 2184 1446 2258 sabuli,
1477 2193 1525 2248 cui
1545 2189 1713 2252 adnascitur
1738 2190 1861 2265 lamina,
1890 2191 2058 2255 dissertum»

668 2268 870 2348 magnitudine
894 2269 990 2331 uineta.

637 2396 698 2438 ma.
722 2376 841 2435 Lumina
859 2370 1007 2432 diseoideu
1025 2369 1172 2452 proligera
1192 2370 1294 2451 plana,
1317 2368 1541 2431 horizontaliter
1560 2385 1622 2431 totu
1636 2373 1752 2438 adnata.

638 2483 670 2542 b.
694 2485 797 2555 Margo
815 2475 948 2557 superior
965 2473 1109 2535 thallodes
1129 2472 1253 2535 laminae
1265 2475 1409 2536 ambitum
1426 2478 1541 2550 cingens
1559 2478 1695 2541 inflexus.

639 2603 666 2647 c.
691 2587 795 2658 Margo
815 2578 962 2641 thalludee
980 2579 1105 2640 inferior
1118 2599 1221 2661 parum
1237 2577 1385 2652 elevatur,
1411 2576 1548 2638 alumine
1565 2595 1707 2645 remotue.

632 2687 662 2750 d.
682 2691 785 2764 Pagina
802 2688 931 2744 anterior
949 2682 1032 2744 thalli
1051 2699 1081 2743 et
1096 2687 1265 2764 apothecii,
1289 2686 1344 2743 huc
1367 2682 1451 2762 supra
1468 2682 1609 2746 sormmre.

638 2814 669 2857 e.
687 2789 795 2853 Thalli
808 2789 853 2850 vel
873 2793 934 2862 ejus
951 2785 1048 2848 lobuli
1065 2785 1191 2864 elongati
1216 2809 1282 2872 pare
1302 2789 1460 2867 apothecio
1475 2791 1621 2866 proxima.

635 2897 657 2960 f·
681 2899 820 2960 Laminae
835 2893 962 2954 ambitur
982 2890 1107 2952 inferior
1118 2891 1251 2966 totusue,
1272 2895 1324 2973 qui
1340 2911 1404 2952 eum
1418 2890 1609 2954 renisorruetu
1626 2894 1735 2957 reddit.

592 3007 626 3068 Β.
651 3007 672 3064 Ε
684 2997 786 3062 urdene
811 2998 947 3058 Lichenie
972 2997 1168 3076 Apothecium
1188 2994 1273 3058 valde
1300 2998 1419 3058 audium
1443 3001 1474 3058 iu
1488 2996 1587 3058 medio
1609 2997 1687 3080 (¹⁸¹⁸)
1704 2999 1877 3074 diffeslum,
1898 2999 1964 3086 'quo
1984 3023 2051 3089 pere

633 3082 770 3166 superior
782 3078 819 3138 ab
839 3075 975 3138 inferiori
988 3077 1116 3156 separata
1133 3079 1183 3136 est.

633 3187 697 3249 a.b.
722 3188 861 3246 Laminue
877 3181 1042 3264 proligerae
1058 3203 1124 3264 pare
1141 3181 1275 3262 superior
1291 3175 1333 3262 (a)
1349 3195 1378 3242 et
1395 3183 1520 3244 inferior
1533 3179 1590 3266 (b).

632 3313 658 3358 e.
682 3295 786 3366 Margo
802 3286 946 3350 thalloder
962 3287 1111 3357 elevatus,
1138 3288 1282 3347 ambitum
1301 3285 1484 3366 superiorem
1507 3286 1631 3349 luminae
1651 3287 1846 3372 eutpleslene,
1878 3309 1943 3354 eam
1965 3292 2048 3374 supe·

674 3391 740 3430 raus
762 3389 796 3428 ac
824 3389 974 3428 eoronam.

635 3473 666 3534 d.
688 3478 793 3549 Margo
810 3471 956 3534 elrallodes
972 3472 1097 3533 inferior
1115 3491 1130 3529 a
1148 3470 1273 3532 luminae
1288 3469 1401 3530 ambitu
1418 3468 1529 3529 ibidem
1550 3483 1693 3533 remotus.

633 3595 686 3636 ee
706 3593 732 3635 e.
754 3576 913 3636 Substantia
933 3574 1081 3637 curticulis
1103 3572 1187 3634 thalli
1204 3575 1239 3634 ad
1262 3578 1406 3637 ambitum
1426 3574 1551 3636 laminae
1566 3573 1747 3658 strperiurem
1764 3587 1792 3636 et
1810 3576 1979 3639 inferiorem
1997 3577 2049 3638 de·

673 3659 776 3726 sinens,
807 3675 859 3715 nec
879 3655 933 3716 snb
953 3661 1190 3724 cacuminum,
1213 3653 1262 3716 sed
1277 3672 1388 3716 rantum
1407 3654 1528 3718 alteram
1546 3663 1681 3736 paginam
1700 3658 1848 3736 apotheeii
1863 3661 1996 3721 veniens.

593 3767 630 3826 c.
650 3763 787 3900 Lamiusae
812 3757 1016 3822 diseoideaes.
1044 3759 1209 3843 proligerae
1231 3783 1316 3844 pare,
1347 3781 1521 3844 magnopere
1548 3764 1654 3833 audie,
1686 3781 1703 3821 e
1726 3759 1837 3842 duplici
1856 3763 1936 3844 quafi
1960 3765 2049 3828 urata

634 3859 742 3921 compo
754 3857 805 3902 na.

632 3967 660 4010 a.
682 3950 808 4008 Stratum
831 3943 963 4024 superine
976 3942 1339 4008 eelluloso-subllriatum.

631 4053 661 4115 b.
686 4056 812 4146 Stratum
831 4048 973 4121 inscrine,
995 4051 1218 4131 pareuchymute
1235 4047 1355 4112 similari
1363 4091 1373 4120 ,
1404 4049 1437 4116 sd
1453 4050 1593 4130 gongylou
1614 4047 1776 4112 uiduleutee
1799 4049 1909 4132 sparsos
1932 4061 2048 4114 tentum

674 4147 833 4192 eontrnem.

591 4241 628 4300 D.
652 4233 784 4296 Cellulue
797 4235 991 4297 uriaefurmee
1009 4233 1211 4309 subclevatee,
1238 4235 1378 4317 gungyloe
1399 4235 1600 4309 includentes,
1630 4259 1647 4299 e
1666 4236 1790 4302 semitae
1810 4237 2046 4317 pareuebyuratir

633 4317 722 4381 slratu
736 4315 882 4400 superiori
904 4331 1044 4380 exemtae.
