4398 5524
1082 1030 1463 1110 oannsxtx.

756 1235 1784 1334 URCEOLARIA.

1087 1467 1479 1522 ὦ·

1032 1701 1259 1776 charadier
1295 1701 1526 1774 Natu-rasis.

466 1854 718 1934 Aeornecrun
746 1849 964 1924 orbiculatum
989 1849 1092 1922 thallo
1115 1845 1310 1925 immersum
1340 1869 1371 1923 et
1394 1854 1433 1925 ab
1460 1876 1501 1925 eo
1524 1841 1746 1950 ntarginrtum
1768 1847 2095 1922 concavomrceosa·

578 1969 668 2035 turn,
698 1949 820 2022 sentina
841 1949 1004 2050 proligera
1020 1948 1115 2050 supra
1130 1954 1266 2033 tedium,

579 2079 717 2150 Lamina
734 2082 899 2170 preligare
918 2073 1045 2149 discum
1068 2071 1422 2174 commensuratam,
1447 2081 1657 2150 membranula
1676 2075 1824 2148 colorata
1849 2075 1949 2157 tesia.
1974 2095 2096 2148 urceo·

580 2175 663 2261 sata,
698 2182 732 2250 in
755 2177 844 2252 thesli
870 2175 1039 2252 subsiaatia
1064 2198 1129 2250 rota
1152 2173 1325 2262 immersa,
1362 2185 1506 2276 margine
1527 2174 1615 2275 quasi
1637 2183 1773 2270 proprio
1800 2177 2016 2272 utplurimum
2043 2182 2094 2246 in·

580 2277 717 2361 druria,
744 2279 792 2353 ves
812 2285 845 2350 in
862 2285 984 2352 arnbitu
1002 2306 1077 2350 curn
1097 2284 1241 2373 margine
1259 2282 1395 2351 thusinda
1410 2277 1548 2358 elevato,
1565 2307 1582 2348 a
1598 2301 1665 2375 quo
1678 2279 1821 2373 cingitur
1834 2297 2007 2366 concretu
2037 2301 2098 2372 pa·
2197 2283 2198 2302 ¹

582 2382 779 2475 rtnriymatt
795 2375 1036 2477 subgelatinoso
1050 2373 1210 2452 celluloso
1221 2418 1236 2438 ·
1249 2379 1359 2450 siriato
1379 2372 1658 2455 subnesicusisero.
1953 2390 1966 2482 s

586 2505 730 2598 Gongyii
746 2508 828 2574 intra
844 2497 1051 2577 substantiam
1070 2506 1213 2578 laminae
1234 2503 1419 2578 nidulanter
1440 2497 1556 2602 sparsi,
1588 2522 1687 2604 atque
1706 2508 1742 2577 in
1766 2497 1915 2576 massulas
1934 2499 2102 2600 oblongae

583 2597 812 2674 subcellusosar
834 2611 1037 2701 congregati.
1546 2615 1548 2621 ’

474 2723 653 2798 Tutunus
673 2727 853 2799 crusiaceut
874 2748 1028 2800 rartareue
1051 2729 1105 2801 vel
1127 2721 1355 2826 subseprosur,
1387 2725 1586 2816 uniforme,
1624 2724 1856 2801 determinant
1883 2727 1936 2801 nel
1963 2721 2101 2805 effusae.

1016 2951 1287 2970 *u-

1080 3115 1501 3196 Observationes.

565 3291 645 3339 enue
665 3293 735 3342 nou
759 3275 902 3343 omnino
920 3271 1089 3343 artificiale
1106 3269 1303 3342 constituere
1325 3266 1479 3340 videntur
1497 3267 1801 3356 Urceolariae,
1836 3293 1935 3368 quere
1959 3291 2030 3341 non
2051 3267 2105 3340 di·

597 3367 808 3442 lacerandum
831 3365 894 3443 esse
917 3376 1049 3468 putaui,
1077 3370 1152 3442 sicet
1174 3391 1287 3442 natura
1310 3389 1340 3442 et
1359 3366 1629 3442 conformatione
1648 3371 1900 3468 apotheciorum
1916 3364 2037 3470 species
2061 3367 2107 3443 ad

480 3467 547 3536 hoc
563 3463 754 3541 referendae
769 3472 974 3568 aliquantum
990 3478 1075 3544 inter
1090 3466 1122 3542 se
1143 3465 1308 3546 differant.

597 3666 777 3761 Apotsrecia
804 3665 989 3740 constanter
1018 3668 1225 3749 orbiculata,
1260 3667 1417 3739 laminam
1444 3665 1644 3766 prosigeranr
1671 3663 1907 3740 craffiuscusam
1940 3689 2109 3740 roureto·

483 3761 685 3834 urceosatant
709 3765 759 3836 vel
785 3793 842 3860 per
865 3789 1001 3840 aetatem
1026 3774 1177 3865 inprimis
1198 3762 1432 3866 planiusculnm
1455 3788 1484 3838 ct
1512 3768 1613 3838 thasio
1642 3775 1784 3839 omnino
1803 3762 1991 3838 immersam
2018 3765 2110 3838 osse.

483 3880 578 3946 runt,
606 3870 758 3956 margine
772 3865 917 3966 quodam
932 3867 1077 3940 rhnsiode
1091 3869 1233 3940 cinctam
1256 3888 1286 3939 et
1310 3865 1350 3937 ad
1371 3863 1514 3966 ipsunta
1541 3872 1706 3940 otherium
1724 3864 1938 3939 formandum
1960 3867 2114 3966 aliquan.

484 3982 556 4033 tum
575 3962 789 4038 conducente.
841 3970 893 4040 Ob
910 3967 1051 4062 figuram
1072 3963 1248 4065 saepissume
1265 3968 1464 4040 urceosatam
1481 3896 1538 4038 ves
1554 3995 1733 4040 concavam
1751 3975 1784 4039 in
1807 3967 1929 4038 ambitu
1946 3969 2020 4065 plur
2043 3973 2114 4042 mi.

486 4064 690 4136 adcelerate
715 4063 904 4140 observatur
930 4058 1052 4140 lamina
1072 4069 1236 4165 prosigera
1259 4089 1290 4140 et
1313 4065 1390 4139 iude
1409 4074 1597 4165 marginata.
1653 4074 1691 4139 ln
1715 4065 1847 4139 diversit
1866 4061 2032 4166 speciebur
2053 4072 2117 4142 hie

486 4187 606 4260 margo
623 4166 763 4240 laminae
781 4167 843 4240 five
861 4175 928 4262 ejus
947 4171 1087 4242 ambitur
1106 4171 1246 4242 elevatur
1261 4191 1315 4240 aur
1328 4177 1479 4262 margine
1494 4165 1638 4239 thassode
1652 4171 1776 4239 cincius
1791 4167 1854 4252 ess,
1880 4167 1969 4238 unde
1987 4195 2115 4264 margo

488 4259 610 4356 duplex
636 4260 688 4336 seu
711 4267 913 4364 compositus
937 4275 1059 4348 oritur,
1094 4275 1127 4340 in
1146 4293 1214 4366 quo
1229 4266 1302 4341 casu
1325 4275 1469 4340 exterior
1493 4267 1690 4360 (thassodes)
1707 4272 1746 4340 ab
1768 4273 1916 4340 interiori
1945 4265 2118 4358 (sentinae

489 4367 648 4458 proprio)
678 4366 871 4464 plerumque
907 4365 1116 4462 separationis
1150 4371 1236 4442 linea
1267 4367 1498 4464 distinguitur,
1544 4392 1598 4441 aut
1634 4393 1750 4466 margo
1783 4371 1935 4464 proprius
1967 4367 2118 4442 sarninae

489 4458 644 4558 (quaudo
660 4470 739 4537 haec
756 4471 888 4564 planior
904 4471 967 4558 esi)
985 4469 1052 4544 sere
1067 4464 1285 4556 desideratur,
1318 4467 1371 4539 uei
1394 4473 1438 4540 ita
1455 4495 1532 4542 curn
1553 4475 1703 4569 margine
1720 4466 1865 4544 thassode
1885 4471 1996 4542 unitur
2009 4495 2118 4570 appa.

488 4583 556 4652 ret,
582 4583 618 4636 ut
635 4561 764 4668 semper
777 4569 877 4644 ambo
896 4573 1041 4645 concreti
1057 4589 1222 4640 maneant.

1982 4749 2121 4848 Margi.
