4466 5536
885 447 1058 508 nactoan.'
1741 462 1788 536 35

334 621 407 720 obj.
432 635 535 708 Quum
556 647 660 706 margo
683 625 797 710 spuriut
824 623 910 689 thalli
936 626 1073 689 laminam
1093 622 1277 767 proligeram
1300 627 1447 702 juniorem
1469 632 1549 713 quasi
1571 633 1703 710 clangent,
1731 656 1785 718 per

327 727 452 772 aetatem
478 710 541 770 scre
564 709 729 778 evanescat,
761 729 911 790 quumque
932 707 1040 768 lamina
1059 711 1119 789 ipa
1138 727 1155 766 a
1175 706 1260 768 thalli
1282 707 1438 772 substantia
1460 711 1595 774 corticeis
1618 717 1784 792 flavicante,

325 795 372 852 cui
391 791 478 852 affixa
492 793 548 858 ost,
570 791 663 871 probe
681 788 875 866 distinguatur
894 794 923 850 iu
947 791 1002 850 lrac
1027 787 1143 868 specie,
1173 793 1287 869 optime
1313 788 1494 864 illustratur,
1526 813 1589 854 cam
1608 795 1700 856 thallo
1722 814 1783 858 ran·

325 887 388 932 tum
403 871 493 932 modo
508 869 643 930 adnatam
661 886 690 930 et
708 891 722 928 a
746 873 895 930 otherium
917 868 1012 952 ipsum
1031 871 1201 949 neutiquam
1220 889 1236 927 a
1262 867 1356 932 thallo
1373 871 1534 934 fortnatum
1547 874 1613 935 esse.
1655 877 1782 956 Gongyli

323 954 557 1046 parenehvmatie
576 949 708 1011 similaris
726 889 852 1011 laminae
868 949 1050 1010 minutisslmi
1074 947 1309 1030 frequentissimi.

150 1085 215 1164 fig.
235 1095 269 1158 3.
309 1048 470 1144 Lecidtoe
489 1070 806 1163 albocaarulescentis
821 1077 1040 1158 apothecluma
1058 1073 1151 1136 thallo
1168 1074 1317 1139 elevatum
1334 1082 1364 1139 in
1382 1100 1443 1160 quo
1461 1079 1636 1146 observatur

325 1207 349 1246 a.
374 1187 496 1245 Lamina
513 1178 661 1264 proligera
676 1178 760 1260 supra
773 1183 859 1262 plana
878 1183 998 1242 esitatu
1018 1177 1195 1262 superficiali
1210 1185 1301 1260 magis
1316 1181 1482 1266 pellucente
1498 1199 1527 1247 et
1538 1186 1675 1252 inferiori
1690 1211 1782 1274 opaco

363 1263 458 1325 crasso
483 1265 563 1348 quali
586 1261 754 1340 composita.

321 1369 352 1430 b.
373 1372 442 1441 Ejus
461 1386 561 1442 margo
584 1367 722 1446 propriut
746 1361 884 1458 elevatur
900 1364 1026 1424 reflexus
1048 1377 1146 1442 tegent
1169 1378 1202 1427 et
1223 1363 1378 1431 involvent
1403 1364 1590 1433 substantiam
1608 1369 1701 1435 thallo
1723 1371 1780 1459 (c),

363 1445 500 1508 laminam
517 1450 547 1506 in
567 1445 679 1504 ambitu
701 1445 800 1506 subrue
815 1447 985 1506 vesttentcm
999 1464 1125 1526 eamque
1139 1443 1315 1508 elevantem.

324 1549 402 1636 Olafi
426 1552 533 1614 Subtut
546 1549 735 1631 apothecium
756 1551 834 1630 quali
853 1547 989 1610 efformat
1006 1547 1114 1611 thallus
1129 1552 1157 1610 in
1175 1551 1231 1610 hac
1252 1549 1365 1632 specie,
1387 1552 1437 1614 secl
1459 1574 1561 1632 margo
1580 1563 1717 1640 proprior
1737 1562 1779 1622 la·

323 1637 420 1694 minae
445 1631 523 1692 solus
546 1631 624 1691 adest
646 1633 765 1706 (margo
786 1624 931 1688 thallodet
951 1647 1024 1689 vero
1048 1627 1160 1710 nullus)
1182 1629 1376 1706 subjacentem
1396 1631 1480 1694 thalli
1502 1652 1615 1716 partem
1639 1643 1728 1702 etiam
1748 1647 1779 1704 ia

322 1714 435 1775 ambitu
456 1714 595 1780 vestient,
616 1730 706 1792 quare
723 1707 913 1771 Lecidcae
933 1728 986 1806 nec
1006 1713 1231 1814 Lccauorae¹
1245 1711 1356 1790 specics
1374 1715 1424 1774 est.

157 1849 256 1927 βίῃ.
306 1839 468 1906 Laetam
472 1831 709 1928 sanguinariae
723 1839 910 1919 apotheeium
929 1839 1089 1910 vetustius,
1110 1840 1303 1918 eotupolltum
1321 1859 1339 1900 e
1362 1837 1470 1902 lamina
1493 1843 1641 1925 prolissera
1659 1846 1703 1930 (a)
1724 1871 1778 1933 per

322 1935 449 1982 aetatem
469 1939 598 1982 convexa
620 1935 650 1980 et
670 1923 702 1980 in
719 1921 831 1979 ambitu
852 1916 901 1995 (b.
917 1915 962 2000 by)
992 1919 1099 1980 reflexa
1122 1913 1212 2002 (uude
1237 1940 1339 1998 margo
1386 1926 1503 2002 ropriut
1528 1928 1689 2010 evanescit)
1716 1952 1776 1994 am-

347 2001 470 2064 letiente
485 2015 514 2060 et
530 1997 698 2060 includente
713 2015 825 2079 partem
848 1995 932 2058 thalli
951 1997 1113 2077 elevatam,
1146 2019 1222 2080 quae
1243 1999 1338 2060 versut
1361 1941 1500 2066 lamium
1519 2010 1569 2085 (c)
1587 2006 1608 2069 s.
1624 2009 1710 2094 supra
1727 2035 1776 2076 m.

344 2104 375 2146 ra
390 2081 506 2154 evadit,
527 2079 640 2142 inscme
660 2095 758 2142 autem
778 2077 909 2140 colorem
933 2092 961 2138 et
977 2097 1110 2140 naturam
1131 2077 1215 2140 thalli
1234 2079 1397 2146 conservat.

324 2187 405 2333 gbs'
433 2189 574 2328 gccurrit
589 2187 661 2248 haec
679 2183 908 2247 formationum
933 2180 1100 2246 elevatione
1121 2181 1224 2258 thalli,
1252 2200 1283 2246 at
1301 2184 1362 2248 alio
1379 2185 1470 2250 modo
1490 2193 1623 2254 variante
1635 2195 1672 2256 ‘iu
1687 2199 1735 2275 fig.
1748 2211 1775 2263 1.

351 2315 358 2332 .
382 2284 414 2330 et
456 2283 522 2346 pp.

160 2405 219 2484 lug.
235 2411 268 2478 ς.
299 2393 353 2465 n.
375 2395 535 2540 Legitima
553 2395 769 2478 platycorpat
791 2398 979 2480 apothecium
1003 2393 1094 2459 sesslle
1120 2398 1317 2488 marginatum
1339 2398 1429 2460 stratu
1452 2397 1570 2480 duplici
1588 2405 1668 2466 intua
1694 2411 1775 2472 comi

383 2500 424 2562 po
449 2495 523 2542 tum.

362 2603 392 2646 a.
413 2587 541 2646 Stratum
563 2582 695 2664 superius
718 2580 905 2645 subalbidum
930 2602 1069 2644 comeum
1096 2582 1292 2662 gongvlorum
1320 2586 1371 2646 vix
1396 2582 1456 2644 ulla
1488 2589 1609 2666 vestigia
1637 2589 1776 2661 offerent.

405 2665 560 2739 Subiacens
581 2665 695 2724 craffiut
711 2665 751 2725 cst
771 2678 866 2725 atrum
889 2684 1033 2746 opacum,
1053 2664 1172 2726 massam
1195 2662 1381 2744 cgongylia,
1401 2678 1434 2724 ut
1452 2665 1590 2742 videtur,
1618 2670 1706 2736 dense
1727 2699 1776 2756 ag.

402 2747 527 2822 gregaria
547 2747 736 2824 compositam
755 2745 905 2805 exhibent.

323 2855 357 2914 B.
378 2854 445 2910 Part
460 2848 590 2922 ejusdcm
606 2849 758 2931 apothecii
777 2846 866 2908 valde
886 2849 983 2916 attoli,
1014 2849 1187 2908 strumumm
1209 2850 1353 2909 internam
1375 2847 1542 2913 evidentius
1561 2857 1777 2938 representatum

354 2927 492 2996 scilieet:
516 2931 634 2988 matum
650 2925 839 3014 superioria)
859 2925 1007 2997 hyalinum
1022 2943 1051 2986 et
1065 2925 1188 2988 inseriut
1203 2925 1255 3008 (b)
1276 2945 1375 2989 atrum
1391 2949 1527 3009 opacum.

326 3025 403 3122 Obfi
432 3031 603 3128 Exemplum
618 3032 739 3129 praeiret
752 3031 911 3112 specierum
930 3033 960 3090 in
982 3028 1180 3093 Lecicleae
1204 3035 1335 3106 Genere,
1357 3051 1483 3115 quarum
1498 3039 1655 3122 apothecit
1673 3031 1776 3128 paten-

320 3116 453 3186 ehymate
475 3113 606 3175 dtvecsae
617 3111 727 3174 iudolrt
741 3115 879 3174 instructa
893 3111 969 3171 suut.

161 3250 222 3329 tig.
237 3245 270 3312 ⁶.
311 3250 349 3310 A.
371 3237 749 3328 Lecideaesutenlrttene
763 3241 953 3324 apothecium
972 3237 1229 3311 subturbinatum‚
1249 3244 1446 3323 compositum
1466 3241 1606 3310 elamim
1624 3250 1775 3335 prosim

363 3321 549 3396 disertm‘ejut
564 3321 728 3390 efficiente,
750 3335 834 3382 extus
851 3323 985 3384 vestitum
1002 3325 1117 3382 cortice
1131 3319 1282 3383 concolori
1303 3336 1333 3385 et
1356 3323 1489 3400 ejusdem
1512 3326 1686 3396 substantiae
1707 3361 1774 3406 eum

361 3423 416 3474 ea,
438 3403 487 3464 sed
501 3402 737 3492 intutlresertum
758 3401 938 3472 substantia,
959 3415 993 3464 ut
1007 3417 1147 3484 apparet,
1168 3400 1312 3467 thallotle.

320 3514 353 3573 p,
377 3512 515 3570 Lamina
530 3504 695 3586 proligerae
716 3527 780 3588 part
800 3505 888 3584 hujut
907 3508 1058 3648 apothecis
1076 3510 1107 3568 in
1128 3510 1212 3581 cuim
1231 3501 1456 3588 parenchymate
1471 3511 1589 3590 gougyli
1606 3530 1666 3582 tam
1687 3523 1774 3604 sparsi

363 3588 435 3650 nudi
453 3601 483 3648 et
495 3585 678 3658 nidulautet,
699 3607 789 3670 quam
802 3590 833 3648 in
847 3584 923 3647 cellu
937 3592 964 3648 it
977 3585 1208 3650 striaesormibua
1225 3584 1386 3648 exilisiimis
1402 3589 1504 3654 incluti
1520 3594 1722 3665 observantur.

157 3727 218 3805 rip.
234 3731 269 3810 ἵ.
306 3679 468 3785 Laridenc
485 3715 653 3777 carnotine
677 3717 868 3797 apothecium
888 3712 979 3776 seffile
1000 3719 1196 3793 marginatum
1220 3734 1402 3787 concavum,
1434 3737 1502 3780 cum
1517 3737 1601 3800 parte
1621 3727 1707 3792 thalli
1723 3738 1775 3798 cup

323 3799 472 3877 affigitur,
495 3797 718 3893 parenclrymate
734 3793 871 3894 similari,
893 3809 976 3892 toto,
998 3808 1033 3856 ut
1052 3796 1191 3892 videtur,
1217 3793 1333 3856 ethelli
1355 3795 1510 3861 substantia
1526 3820 1639 3868 mutata
1654 3831 1772 3893 compo·¹

324 3883 400 3950 fito,
421 3873 552 3957 pongylrs
569 3881 691 3940 ilrtattm
705 3875 802 3940 veluti
819 3876 966 3958 dtsposittt
979 3895 1014 3937 ac
1029 3875 1232 3938 ardulantrbue
1249 3877 1386 3938 scatente.
1765 3901 1767 3904 ·

325 3959 404 4074 (ilfi
433 3979 579 4049 Thallum
591 3985 621 4046 io
635 3984 796 4066 Apothecia
811 3979 894 4043 abire
907 3977 957 4043 vel
969 3981 1062 4046 hocce
1075 3980 1167 4046 modo
1180 3985 1291 4047 tantari
1309 4001 1346 4048 et
1365 3985 1414 4063 ἧς.
1426 3984 1445 4050 ⁶
1457 3995 1488 4048 et
1505 3999 1535 4067 7.
1555 3992 1772 4085 convincimur.

681 4294 1214 4329 ona-*nunu-
