4398 5524
441 335 514 406 104
1140 321 1356 386 aaronem.

436 513 527 582 mina
540 508 707 607 proligara
725 535 742 578 a
762 511 912 601 margine
931 502 1079 578 tlrrllode
1095 504 1279 603 perfillenre
1295 509 1418 594 cincla,
1446 533 1544 606 quem
1568 531 1750 606 numquam
1772 503 1921 607 superam
1955 533 2078 604 aeque

438 617 472 683 iu
487 615 612 684 ambitu
628 617 669 680 ita
692 608 870 680 relleciitur
889 601 954 705 ipsa
970 607 1112 688 lamina,
1139 627 1174 678 ur
1193 607 1371 703 capitulum
1391 610 1507 678 ramuli
1530 613 1622 705 apice
1648 609 1789 680 multum
1813 612 1905 679 latiur
1929 604 2078 694 former,
2181 680 2182 696 p

439 708 493 785 sed
509 719 593 782 intra
609 714 794 806 marginem
812 705 990 778 tballodem
1005 700 1127 777 inclusa
1145 724 1294 795 mancat,
1318 726 1352 778 et
1372 708 1520 802 operculi
1542 707 1583 778 ad
1606 706 1705 779 iuliar
1729 712 1832 802 probe
1850 706 1979 780 claudae
2003 715 2079 805 api-

438 839 512 884 cem
531 833 717 882 truncatum
735 813 816 878 rami
839 805 997 885 tubulofi,
1021 811 1073 876 cui
1095 804 1210 876 adnata
1227 805 1280 878 eu.
1343 811 1507 877 Praeterea
1537 831 1605 878 nou
1633 813 1666 878 iu
1692 807 1832 904 podetiie
1852 809 1974 878 elevata
1998 805 2078 879 suat

438 910 688 986 Dufourcac
709 911 901 1004 apotlrccia,
931 902 982 976 sed
1007 904 1109 976 tlrallo
1136 903 1194 1002 ipli
1214 901 1349 991 adnata,
1380 925 1476 1004 atque
1500 909 1594 1001 hujus
1617 905 1727 978 lorma
1747 934 1784 979 ac
1806 905 1918 978 indole
1935 903 2077 1008 insuper

440 1041 458 1084 a
478 1019 506 1086 C
516 1007 790 1102 enotuyeidir
812 1005 997 1078 admodum
1020 1003 1153 1078 recedit.

551 1155 602 1230 nd
619 1151 862 1226 limiliturliuem
879 1178 956 1224 cum
973 1147 1188 1224 Dufourca
1208 1147 1360 1249 disposita
1384 1147 1456 1226 sunt
1477 1155 1649 1250 apotlreeia
1667 1159 1698 1226 in
1717 1151 1957 1230 Celleruate
1975 1158 2073 1230 bul·

438 1263 542 1344 lato,
566 1257 658 1358 quod
677 1279 811 1354 propter
824 1251 1043 1324 curiositatem
1061 1255 1134 1324 heic
1149 1247 1322 1324 observare
1339 1257 1492 1326 omittere
1506 1277 1577 1324 arou
1593 1255 1702 1328 debui.

550 1410 683 1480 Nomen
712 1405 831 1474 Generi
855 1395 1016 1498 imposui,
1050 1408 1095 1472 uti
1121 1420 1229 1498 gratae
1255 1405 1374 1474 urentia
1402 1400 1644 1488 telliruoniuna,
1673 1407 1706 1474 iu
1729 1414 1928 1482 memoriam
1945 1408 2000 1483 Cl.
2022 1412 2068 1486 D.

439 1509 538 1586 Dan.
563 1511 678 1580 Leon
707 1498 900 1587 nutant,
934 1501 1018 1572 Galli
1041 1522 1072 1572 et
1101 1503 1320 1596 Lichcaologi
1352 1500 1628 1598 praeliantilluui,
1665 1511 1719 1598 qui
1741 1509 1901 1600 plurimos
1929 1535 2070 1582 mecum

440 1609 701 1684 communicavit
721 1607 878 1674 Licbeurs
896 1607 930 1672 iu
954 1605 1095 1698 imperio
1112 1601 1285 1674 Gallicano
1302 1603 1423 1684 lcdlua,
1448 1607 1569 1702 quique
1591 1607 1623 1672 in
1645 1607 1777 1688 itinere,
1804 1613 1868 1698 jam
1889 1605 1976 1680 forte
1994 1638 2071 1707 pcr-

440 1707 534 1794 a'dlo,
561 1732 661 1804 nsque
677 1701 718 1772 ad
741 1705 858 1773 limites
876 1705 969 1793 hujus
988 1705 1118 1797 irupcrii
1136 1701 1264 1797 alpinos
1283 1704 1468 1796 praeradia,
1494 1709 1682 1793 Pyrenaeos
1698 1707 1937 1802 transgrediens
1958 1732 1989 1779 et
2013 1718 2071 1782 Li.

439 1815 582 1886 ebenum
604 1809 753 1902 inprimis
769 1799 983 1898 comparandi
1000 1808 1120 1896 gratia,
1147 1827 1265 1874 eorum
1284 1801 1446 1899 inlignem
1464 1799 1596 1874 mell‘cm
1614 1799 1710 1886 secie,
1737 1831 1948 1906 quorumque
1969 1805 2071 1904 speci.

441 1920 531 1987 mina
548 1911 629 1980 naihi
647 1899 800 2000 prorrailla
815 1923 899 1974 certe
915 1898 1173 1972 defideratill'uua
1189 1903 1342 1973 noudum
1363 1901 1517 1972 aduenire
1545 1925 1731 2000 potueruut.
1782 1905 1880 1980 Hisce
1897 1917 2071 1982 examina,

440 2021 480 2086 eir
499 2035 567 2082 nun
588 2007 701 2078 dubito
719 2001 810 2085 fore,
835 2024 870 2074 ut
887 2005 979 2073 uariis
995 2007 1091 2072 novis
1108 1998 1271 2096 speciebus
1292 2001 1389 2073 ditata
1411 2001 1447 2072 stt
1466 2005 1645 2073 lichenum
1664 2001 1800 2085 familia.
1861 2012 1970 2082 Etiam
1993 2037 2066 2084 me.

443 2112 562 2186 ditatur
576 2108 688 2182 Celeb.
709 2101 881 2176 Dufour
897 2105 1219 2200 Licheuograplriam
1236 2103 1395 2174 Gallicam
1413 2103 1535 2198 publici
1555 2109 1634 2195 juris
1649 2101 1766 2181 lacere.

554 2260 621 2330 sub
640 2261 705 2328 laoc
735 2255 863 2328 Genere
885 2247 1148 2348 eonrprebcni'ar
1163 2251 1253 2321 uolui
1275 2248 1431 2348 quaedam
1456 2256 1675 2323 Paauurrar
1694 2257 1822 2351 Species
1843 2259 1936 2330 ach.
1952 2261 2064 2333 Mctb.

442 2365 604 2440 Liclr.-·
654 2349 1217 2452 L-rcuauurmsSpee.Hcff.·-
1269 2357 1535 2424 S'rrueoeaurr
1553 2355 1649 2450 Spec.
1672 2358 1817 2430 Aeliae.
1835 2356 1858 2432 l.
1881 2383 1911 2435 e.

918 2560 1227 2662 Explicatio
1268 2565 1586 2660 Figuratum.

1149 2714 1251 2786 Tab.
1297 2715 1360 2784 Xl.

442 2851 505 2951 fig·
526 2885 558 2936 2·
599 2871 634 2928 A·
654 2850 1045 3018 χῗῃζζῇὲιΐὶρῶἒοηέἵῖἕιζοαε
1068 2859 1224 2942 apotbeeia
1246 2878 1314 2919 cum
1340 2859 1479 2939 portione
1505 2854 1590 2917 thalli
1612 2855 1650 2916 ad
1677 2857 1919 2940 perpendiculum
1941 2863 2064 2934 reseffl·

648 3042 712 3084 aa.
736 3025 855 3081 Lamina
878 3016 1026 3076 diseoidca
1050 3019 1276 3098 apotheciorum
1298 3020 1448 3094 iuniorum
1465 3015 1703 3089 concaviuscula,
1733 3038 1749 3078 a
1773 3021 1903 3094 margine
1928 3021 2062 3086 thallode

689 3100 730 3180 (c.
742 3100 786 3179 c.)
803 3118 865 3157 eam
882 3097 1034 3177 superante
1049 3101 1151 3160 crucia.

647 3185 677 3246 b.
701 3185 820 3242 Lamina
835 3177 986 3238 diseoidca
1004 3199 1019 3236 a
1042 3181 1151 3238 otherii
1165 3177 1260 3238 adulti
1271 3175 1515 3238 -eonvexinl'enla.

650 3285 666 3324 c
685 3283 711 3323 c.
735 3266 839 3336 Margo
858 3255 1002 3317 thallodea
1022 3199 1158 3320 laminam
1177 3263 1293 3334 cingens
1307 3273 1336 3318 et
1351 3277 1413 3338 qno
1434 3258 1624 3339 apotheeium
1639 3261 1825 3322 circumcirca
1840 3259 1980 3338 affigitur.

649 3345 670 3404 d
690 3341 745 3402 d.d
781 3337 898 3399 Rarnrrli
919 3337 1003 3398 thalli
1020 3343 1097 3398 intua
1122 3339 1239 3401 fistulati
1260 3338 1280 3399 s.
1301 3343 1385 3408 caui,
1416 3339 1510 3406 unde,
1537 3343 1624 3396 ctiam
1648 3343 1833 3416 apotheciurn
1852 3345 1880 3400 iu
1899 3343 1943 3401 bie
1960 3349 2064 3406 terrai·

689 3421 754 3482 nale
771 3420 871 3480 subtus
888 3417 1015 3479 liberum
1041 3418 1141 3479 evadit
1154 3436 1184 3478 et
1201 3440 1259 3477 non
1279 3421 1330 3477 niti
1346 3423 1375 3477 in
1390 3419 1503 3476 ambitu
1518 3415 1615 3558 (cap
1632 3419 1751 3480 affixum
1771 3419 1855 3480 tlaalli
1876 3421 2061 3489 substantiae.

649 3525 674 3564 e.
686 3521 739 3564 e.c
771 3503 929 3560 Substantia
949 3499 1094 3560 cortiealia
1109 3498 1213 3566 thalli,
1234 3501 1281 3558 cni
1296 3502 1374 3560 intua
1390 3497 1554 3558 adnascitur
1567 3512 1593 3558 tr
1608 3517 1623 3556 a
1641 3505 1734 3560 tenuis
1751 3505 1878 3582 stuppea.

609 3592 631 3650 B
666 3581 859 3665 Apoebeeinm
876 3579 1005 3643 eiusdem
1026 3583 1161 3641 Liehcnia
1182 3581 1346 3644 vernalium,
1366 3599 1451 3637 nnn.
1471 3583 1501 3638 in
1515 3599 1575 3660 quo

648 3685 675 3724 a.
699 3665 816 3724 Lamina
836 3658 982 3742 paelicem
1001 3679 1130 3720 convexa
1156 3675 1186 3720 ce
1208 3663 1249 3719 ita
1268 3657 1388 3719 dilatata
1405 3663 1461 3728 cst,
1482 3673 1515 3718 ut
1536 3663 1567 3719 in
1583 3659 1698 3720 ambitu
1720 3665 1881 3738 marginem
1895 3657 2063 3726 tballodern

688 3741 734 3822 (b.
746 3744 764 3800 b
778 3741 792 3820 )
807 3741 869 3799 scre
885 3741 1014 3816 obtegat.

647 3849 674 3887 c.
693 3826 823 3902 Spatium
840 3824 918 3880 intua
936 3819 987 3878 sub
1005 3823 1161 3901 aporhceio
1177 3839 1313 3882 vaenum.

607 3913 642 3972 C.
665 3911 730 3967 Pars
746 3903 893 3982 apotbeeii
911 3899 994 3960 valde
1020 3905 1102 3962 ancia
1120 3901 1247 3964 sebiione
1265 3897 1512 3982 perpendiculari.

648 4005 711 4048 a.a.
744 3987 880 4043 Larrrinac
901 3979 1068 4042 discoidcac
1095 3981 1111 4042 s
1139 3982 1304 4063 proligcrac
1329 4001 1412 4060 pars.
1440 3983 1586 4060 apothecii
1613 3997 1724 4060 partem
1755 3981 1936 4064 superiorem
1958 3987 2065 4048 eonsti-

691 4081 791 4126 mcus,
813 4060 889 4119 linea
908 4061 1062 4120 satin-arius
1078 4061 1208 4122 colorata
1225 4067 1302 4144 quari
1320 4065 1348 4120 iu
1363 4060 1423 4120 duo
1443 4065 1526 4121 llrata
1544 4063 1663 4122 divisae.
1732 4135 1734 4142 Α

648 4151 668 4208 b
704 4143 859 4223 Apotbceii
876 4161 941 4218 pars
958 4141 1109 4203 iuferiora
1123 4142 1215 4204 thalla
1236 4141 1381 4210 fortuma,
1405 4139 1539 4202 laminam
1557 4141 1659 4202 subtus
1673 4145 1805 4202 vestiens.

646 4249 673 4288 c.
697 4229 798 4300 Margo
816 4220 961 4282 thallurlcs
987 4239 1156 4304 cumpater
1184 4224 1356 4286 substantiae
1379 4223 1529 4285 curriculis
1554 4221 1654 4296 thalli¹
1675 4226 1825 4304 aporberii
1841 4223 1979 4302 alligandi
1996 4247 2064 4286 ma·

688 4305 761 4368 doru
774 4308 808 4368 iu
824 4305 941 4365 ambitu
958 4305 1112 4368 exbibens.

1011 4461 1494 4489 m

1919 4603 2071 4680 GENUS
