4466 5536
853 430 1090 486 cunoenonn.
1743 435 1791 513 37

151 631 231 684 tero
251 627 328 683 atro
349 604 498 682 inferiori
525 603 763 679 destitutorum.
816 603 921 678 Malle
940 626 1031 692 utro,
1057 631 1141 704 quac
1163 601 1222 678 sub
1242 605 1340 680 llrnto
1360 603 1467 682 liviclo
1488 615 1650 699 occurrit‚'
1685 636 1788 711 opace

150 717 307 784 omuino
320 711 363 784 ell
381 727 412 782 rt
426 709 584 806 gongylir
604 709 812 805 congregetis
828 700 926 778 deuse
940 709 1120 805 compaclis
1140 706 1281 782 formata
1296 730 1446 806 apparet,
1480 735 1538 806 per
1558 731 1694 783 aetutem
1713 710 1791 784 srin·

150 811 232 882 bilir
251 809 355 886 solun
377 831 408 882 et
427 813 533 904 magis
552 807 746 906 pulveracre
770 801 972 880 observatur.
1035 809 1133 880 Talis
1158 807 1200 878 cll
1224 813 1324 881 etiarn
1346 805 1497 882 conditio
1520 815 1789 908 pureucbymntit

151 917 261 987 totino
280 913 446 986 interioris
468 913 505 982 in
523 913 702 1010 apotheciir
722 907 880 980 omnibus
899 907 1028 980 vetullir
1049 911 1145 1004 hujus
1171 909 1319 984 Generis.

273 1101 426 1202 Gongyli
442 1107 525 1174 intra
539 1095 747 1175 subllantiam
769 1121 873 1174 rtrum
889 1106 1052 1198 apothecii
1071 1109 1281 1202 cougregati,
1307 1063 1534 1178 confertissimi
1555 1101 1630 1178 sunt
1645 1124 1677 1178 ct
1691 1103 1788 1192 nudi,

150 1201 214 1279 sed
231 1211 266 1277 in
282 1205 379 1278 llrrto
398 1197 558 1297 superiori
585 1202 798 1300 cartilagineo
820 1199 879 1274 sub
902 1204 1042 1275 cuticula
1062 1199 1141 1276 disci
1161 1199 1329 1302 praesente
1349 1204 1533 1278 nidulnnten
1557 1200 1668 1306 spurii.
1719 1210 1786 1278 Ve-

151 1305 278 1380 liculne
297 1325 330 1378 et
348 1303 498 1378 Cellulrc
522 1307 666 1376 omnino
691 1301 811 1375 nullae.

267 1499 412 1572 Thallus
433 1493 662 1596 cartilaginem
689 1495 856 1571 coriaceus
880 1492 1102 1570 subrotundut
1120 1495 1339 1597 planiuscnlur
1360 1491 1527 1571 flexuosus
1548 1497 1703 1596 plicatur,
1728 1527 1787 1574 m·

155 1623 226 1676 tore
244 1597 300 1674 sur
319 1597 457 1697 simplex
474 1617 505 1670 et
520 1597 762 1694 monophyllur
777 1625 846 1672 nou
864 1623 940 1670 raro
958 1599 1119 1682 luxuriet,
1146 1599 1360 1698 polyphyllm
1375 1626 1413 1670 ac
1427 1599 1642 1692 cornplimtur
1661 1599 1783 1688 evadit,

156 1702 195 1776 ad
214 1722 366 1773 centrum
385 1693 491 1770 subtus
507 1699 726 1794 utplurimum
743 1700 877 1798 oblique
893 1697 1038 1796 affigitur
1057 1703 1159 1771 hocce
1176 1699 1286 1772 modo
1306 1699 1462 1800 pellatur,
1495 1695 1591 1796 supra
1607 1701 1707 1773 laevir
1729 1698 1783 1772 vel

156 1805 283 1902 punilir
301 1803 433 1874 elevatis
451 1793 695 1870 confertiffimir
710 1797 850 1886 oblitus,
875 1796 1043 1870 interdurn
1066 1795 1239 1896 populosus
1264 1823 1295 1872 et
1321 1793 1514 1886 monnulus,
1540 1796 1649 1873 subtus
1672 1797 1782 1872 nudut

156 1906 209 1974 rel
235 1903 365 1974 librillir
390 1898 591 1997 simplicibus
614 1919 647 1972 et
670 1897 805 1972 ramosis
833 1902 913 1972 raris
943 1896 993 1970 vel
1017 1902 1221 1972 creberrimis
1248 1895 1414 2000 adspersus
1445 1918 1500 1972 eut
1522 1897 1601 1974 inde
1626 1895 1780 1986 hirsutus,

157 2001 288 2077 villosus
307 2021 340 2076 et
362 1995 541 2101 pannosus.

157 2297 182 2372 fl
239 2193 445 2368 ull’rpvinulir
470 2189 671 2267 sruticnlofir
701 2191 868 2268 interdum
899 2187 1104 2293 adspergitur
1131 2189 1249 2266 thrllm
1279 2190 1457 2293 aliquando
1480 2193 1729 2294 pulverulentus
1747 2214 1781 2268 et

182 2321 237 2370 occ
273 2321 362 2370 our.

260 2489 554 2586 Gyropborrc
580 2491 692 2562 Genut
707 2487 897 2562 affinitatem
917 2491 1097 2561 niaximum
1118 2513 1193 2562 cum
1211 2479 1389 2561 Locidea
1413 2489 1528 2575 hebet,
1554 2485 1609 2562 sed
1631 2491 1675 2562 ob
1696 2514 1778 2565 corr·

159 2595 287 2668 lleutem
305 2585 387 2660 disci
404 2593 655 2684 apotheciorurn
671 2589 966 2688 complicationem
983 2609 1014 2659 et
1031 2590 1119 2661 tlrrlli
1145 2584 1307 2661 diversum
1330 2593 1476 2660 habitunt
1494 2590 1534 2660 ab
1559 2615 1595 2660 en
1619 2611 1690 2664 utut
1712 2591 1776 2664 Θεέ

160 2721 222 2813 ιιιιι
235 2691 434 2812 lilliullum
451 2685 589 2787 seperari
612 2688 709 2762 debet
728 2726 767 2746 -·
785 2687 826 2762 de
844 2693 905 2762 bac
923 2686 1127 2785 sejunllioue
1142 2685 1394 2764 consentieubue
1419 2687 1489 2761 aliie
1508 2689 1692 2766 clarillimie
1710 2696 1774 2766 tto.

161 2815 279 2868 tamur.

264 2989 397 3062 Nomen
414 2989 549 3060 Generis
567 3015 584 3058 e
606 2939 715 3080 proquo¹
731 3009 865 3082 gyrus
887 3005 918 3060 et
937 2993 1040 3082 φιςος
1064 2982 1084 3060 s
1087 2985 1228 3062 crtilin
1236 3015 1249 3078 3
1283 2988 1328 3060 ob
1355 2990 1527 3086 apotheeia
1554 2985 1655 3086 plicrr
1680 2991 1774 3062 vrrio

158 3084 406 3186 modogyrosrr
424 3083 652 3186 etfrequenter
667 3085 878 3186 proferentia.
1579 3109 1596 3148 ι

262 3286 339 3356 Hoc
353 3286 466 3356 Genus
481 3277 539 3354 sub
554 3280 586 3356 le
608 3277 864 3378 comprehendit
883 3281 1160 3361 Unnurcnmns
1183 3277 1370 3363 Sclrrrrl.¹
1397 3277 1580 3372 Hollm.,
1602 3281 1770 3359 Sebreb.

156 3380 275 3466 subdiu.
289 3385 380 3460 Licb.
397 3389 434 3458 in
455 3387 539 3459 Gen.
556 3383 604 3459 l'l.
630 3417 672 3440 ··
722 3385 913 3456 chrnrnr
931 3385 1060 3480 Species
1075 3387 1222 3459 richar.
1242 3385 1350 3461 Metb.
1365 3383 1457 3460 Licb.

619 3642 926 3744 Explicetio
976 3645 1296 3742 Figuratum.

871 3821 909 3894 T
917 3821 974 3893 rb.
1000 3819 1048 3922 Il.

156 3991 214 4075 ru.
232 4002 262 4068 8.
308 3998 345 4059 tt.
370 3991 585 4076 oyropnoraa
599 3979 830 4082 probofiidme
850 3991 1037 4078 apothecium
1054 3991 1201 4054 vermium
1219 4005 1276 4052 uua
1292 3999 1457 4073 comperte
1475 3983 1561 4055 tbr'lli
1575 3985 1626 4052 rui
1640 3977 1769 4050 adorlei·

361 4091 413 4138 tur
431 4071 470 4135 orl
488 4073 731 4158 perpendiculum
747 4074 913 4151 asebium,
933 4099 973 4137 m.
991 4095 1020 4135 n.

351 4199 380 4242 a.
403 4180 602 4263 Apothecium
619 4175 704 4262 supro
721 4179 866 4266 plicatum
880 4194 911 4243 et
924 4201 977 4264 per
991 4193 1114 4242 aetatem
1130 4199 1306 4243 convexum.
1322 4157 1325 4164 Δ

348 4285 422 4346 bb.
444 4283 551 4346 Thalli
572 4305 637 4428 pare
655 4287 686 4346 in
707 4307 769 4368 qno
793 4286 954 4350 substantia.
966 4284 1115 4346 curticulis
1137 4284 1264 4348 solidior
1284 4287 1419 4370 paginam
1439 4282 1622 4368 superiorem
1644 4292 1674 4340 et
1695 4275 1771 4339 infe·

391 4370 503 4508 ripsreru
517 4367 572 4506 tila
585 4363 610 4428 tt
627 4379 725 4445 regem
748 4381 779 4429 et
800 4367 996 4431 medullarem
1015 4365 1066 4450 (c)
1083 4365 1289 4430 intermedium
1309 4366 1406 4431 multo
1428 4368 1596 4431 crrffiorem
1616 4358 1769 4424 inclodcm
1793 4358 1795 4363 '

390 4468 411 4508 0
445 4465 514 4509 em
550 4467 576 4510 l'·
1436 4487 1442 4498 .

306 4553 340 4620 B.
361 4550 445 4614 Idem
459 4552 646 4633 apotherium
663 4557 756 4631 magis
770 4555 906 4629 nulnum,
928 4568 961 4618 ut
973 4548 1132 4620 videantur
1149 4555 1261 4640 plicae,
1283 4559 1358 4620 tium
1371 4552 1573 4619 cofmbinot‘oi
1593 4551 1768 4617 formantem

348 4647 439 4720 etque
451 4631 571 4713 3⁰¹²le
583 4636 816 4718 pereucbrmetir
832 4636 986 4715 similaris,
1008 4637 1170 4722 anquando
1184 4637 1350 4716 subtristi,
1371 4635 1549 4703 nidulunrer.

1069 4758 1095 4824 ᾗ·
1113 4771 1134 4834 3
1702 4743 1767 4824 fig.
