4466 5536
785 987 983 1068 GENUS
1033 987 1134 1062 Vll.

565 1222 1359 1364 cnurcruu

761 1487 1158 1522 ψ

642 1681 919 1759 Οῐιεταᾶοτ
978 1685 1265 1768 Naturalis.

145 1843 394 1914 moriscum
415 1826 673 1918 subtutbinatum
690 1827 954 1929 scyphuliforme
973 1839 1194 1932 marginetum
1218 1835 1396 1932 slipitrtum
1422 1831 1621 1935 (aliquando
1647 1828 1766 1909 subses-

179 1986 183 1994 ·
251 1935 326 2032 sule)
351 1931 521 2032 includens
546 1927 679 2006 mulsam
703 1937 930 2031 puluerecearn
952 1929 1149 2006 denudatam
1176 1931 1302 2008 discum
1324 1933 1529 2010 formantem
1552 1936 1691 2034 plenum
1714 1934 1766 2010 uel

251 2035 328 2110 dein
345 2030 616 2107 intumescentem
634 2030 930 2131 henrisplraericum
945 2028 1245 2132 subglobosumque
1265 2042 1353 2110 intur
1371 2031 1633 2112 solidiusculutn.

256 2165 397 2256 Guegqli
418 2165 503 2232 intra
522 2154 731 2231 subllnntiem
755 2159 980 2254 pulvernceum
1006 2153 1206 2230 discoiderrn
1228 2159 1310 2232 nudi
1332 2157 1584 2246 confertissimi,
1615 2155 1763 2232 uesreulie

247 2259 460 2462 ¹sprppltiitlyruir
486 2264 659 2334 commixti
672 2284 696 2351 3·
723 2265 759 2330 iu
780 2263 1021 2392 permeiymete
1047 2255 1126 2332 disci
1157 2259 1321 2334 tumisneli
1345 2256 1555 2337 consolidato
1577 2257 1763 2350 niduluntee

144 2493 319 2568 Turinus
344 2483 525 2558 crusiaceur
548 2479 727 2556 uniformis
751 2479 1041 2576 indeterminatus,
1066 2479 1280 2560 subtertereur
1300 2482 1515 2590 leprososque
1539 2437 1678 2575 effulue,
1704 2482 1762 2556 eli·

247 2584 387 2690 quando
405 2581 609 2660 tenuissimur
625 2579 805 2658 subnullur.

731 2995 1158 3077 Observationes.

145 3135 381 3318 Apothecia
397 3151 494 3240 hujus
509 3150 645 3220 Generis
661 3168 793 3222 externe
808 3169 882 3221 cute
896 3149 1106 3249 cartilaginea
1126 3149 1238 3224 indute
1256 3154 1343 3224 intur
1361 3155 1529 3227 curieceo·
1541 3145 1690 3227 suberusa
1708 3143 1758 3222 so·

266 3251 351 3344 lide,
378 3249 419 3322 nd
439 3245 586 3321 formem
606 3244 758 3348 scyphuli
779 3250 852 3348 plur
875 3254 985 3320 minus
1006 3249 1164 3324 accedunt
1187 3273 1218 3325 et
1233 3255 1448 3338 turbinatam,
1473 3254 1672 3350 capitulique
1689 3245 1757 3348 spe·

144 3361 221 3428 ciem
243 3381 328 3450 pene
354 3347 387 3424 se
410 3347 668 3450 leruntquendo
693 3348 826 3447 longine
848 3347 984 3446 slipiteta
1007 3345 1092 3429 sunt.
1160 3359 1347 3426 Occurrunt
1368 3374 1422 3425 eut
1444 3349 1556 3428 selstlin
1580 3355 1629 3424 vel
1651 3353 1757 3449 slipite

144 3455 219 3528 aden
235 3458 327 3527 breui
344 3453 500 3524 instructa
516 3445 736 3522 utsubselsrlie
752 3449 925 3522 uideantur
941 3457 1021 3524 etin
1041 3459 1106 3524 hoc
1126 3453 1205 3525 llatu
1226 3455 1278 3525 vel
1301 3456 1461 3526 turbinato
1478 3455 1531 3525 vel
1550 3447 1755 3549 hemisphae-

142 3549 529 3652 rico·scyphulisormia‚
554 3545 662 3622 subtus
682 3545 801 3623 seilicet
818 3576 965 3624 convexa
982 3572 1013 3624 et
1031 3549 1125 3650 supra
1144 3555 1239 3648 plana
1255 3560 1470 3650 margineque
1488 3554 1656 3626 conllrnte
1672 3558 1755 3624 inte·

144 3664 283 3752 gerrimo
298 3655 405 3726 cint‘h
431 3672 551 3724 -eut
574 3652 731 3747 ssipitibus
754 3653 973 3748 utplurimum
990 3655 1102 3749 longis
1117 3659 1225 3728 immo
1239 3653 1435 3749 lorrgissrmir
1450 3652 1662 3728 filisortnibur
1681 3679 1754 3749 gre·

143 3760 265 3836 cillimir
283 3751 416 3827 suffulta
432 3749 504 3824 sunt
520 3755 637 3824 haecce
651 3778 769 3824 cotum
788 3753 939 3849 capitula.
998 3757 1126 3852 Stipiter
1152 3781 1192 3826 ex
1213 3752 1326 3826 erdem
1350 3751 1520 3829 subllcntia
1543 3781 1581 3825 ae
1600 3753 1753 3849 capitula,

144 3885 229 3930 nece
248 3855 350 3930 thello
363 3851 500 3928 formati
519 3847 608 3934 sunt.
635 3874 731 3954 utque
748 3859 781 3924 in
797 3856 861 3926 boc
876 3854 1014 3927 articulo
1033 3880 1050 3924 e
1066 3852 1204 3950 podetiir
1221 3854 1350 3932 diuersi.
1403 3857 1547 3956 Capituli
1562 3851 1672 3928 forma
1687 3877 1750 3950 pro

145 3953 257 4030 diuersa
277 3978 308 4028 et
324 3960 441 4050 Specie
459 3973 606 4026 eructate
621 3960 745 4028 mirum
767 3960 800 4027 in
819 3953 960 4026 modum
976 3961 1089 4026 verint.
1148 3961 1219 4043 Jem
1242 3960 1443 4030 turbinetum
1468 3967 1534 4052 jmn
1559 3950 1751 4027 lentisorme

141 4051 970 4254 stillslt't‘llll‘ntltl'tllll}
988 4052 1750 4254 llll{llllltlllzillimis:

139 4266 176 4331 tir
196 4258 356 4354 speciebus
373 4257 525 4328 consinus
542 4277 640 4356 atque
654 4262 883 4354 integerrimus
905 4263 937 4338 in
964 4259 1070 4332 allisa
1093 4253 1190 4330 massa
1213 4253 1377 4334 discoidee
1398 4259 1495 4332 uelde
1515 4253 1750 4331 intumescente

138 4385 165 4432 et
179 4361 256 4434 dum
277 4363 520 4430 incrementum
535 4385 674 4430 enorme
696 4365 782 4456 cepit
801 4355 1098 4444 consortum-ente,
1132 4358 1312 4458 aliquando
1338 4365 1379 4432 ita
1407 4361 1592 4434 obunlletur
1613 4383 1644 4430 et
1668 4362 1749 4454 tegi·

138 4485 203 4546 tur,
228 4483 263 4534 ut
289 4487 331 4533 ue
360 4459 496 4560 quidem
519 4469 589 4556 ejus
613 4460 783 4555 vessigium
806 4461 1054 4548 ultraneum,
1089 4457 1141 4534 sed
1165 4463 1346 4557 capitulum
1373 4483 1479 4536 toturn
1503 4491 1543 4536 ex
1566 4468 1626 4538 hec
1650 4454 1749 4531 niella

137 4559 313 4639 lurmetum
326 4563 429 4636 ueluti
446 4565 482 4636 in
494 4568 587 4662 apice
601 4559 737 4637 dilatato
749 4563 865 4664 slipitir
885 4561 1024 4638 affixum
1046 4558 1110 4636 else
1129 4561 1286 4643 videntur.
1345 4569 1390 4638 At
1409 4559 1553 4642 sectione
1575 4557 1748 4732 perpepdi:

1645 4684 1685 4732 cu
1701 4683 1748 4729 arr
