4466 5536
504 989 507 996 Α
909 933 1022 1008 ·nu

390 1099 964 1211 LICHENUM
1047 1103 1581 1224 PARTIBUS

955 1341 1023 1406 ΒΤ

513 1501 772 1625 nonum
854 1501 1443 1606 proruunrronu.

850 1761 1115 1806 un*-

23 2035 25 2072 r
172 1951 418 2128 Myllerium
438 1953 715 2036 Frudlificationis
741 1975 774 2030 et
795 1979 922 2058 organa
945 1957 1023 2030 huie
1050 1958 1144 2054 operi
1167 1952 1355 2032 consecrata
1378 1950 1467 2057 apud
1488 1954 1617 2032 Plantae
1634 1952 1679 2032 lle
1696 1907 1822 2054 dietae}
1924 1969 1930 1978 '

290 2063 591 2156 Cryptogamicae,
625 2081 765 2131 omnem
793 2054 973 2130 sollertiam
1002 2063 1048 2128 im
1075 2052 1197 2129 endere
1218 2079 1255 2130 ut
1284 2055 1467 2130 revelarent
1485 2079 1517 2130 et
1536 2043 1800 2138 demonllrarent

176 2157 276 2232 adnil'r
306 2155 378 2231 lunt
404 2157 582 2231 Clarill'rmi
616 2163 703 2232 inter
731 2165 905 2233 Botrnieos
936 2084 1195 2258 sagacillrmique
1220 2153 1455 2239 observatores.
1507 2159 1643 2234 Florem
1668 2160 1798 2238 mascu-
1900 2181 1906 2188 “

174 2263 260 2348 lum,
284 2257 470 2332 femineum
486 2255 767 2348 foecundaretur,
800 2282 901 2360 atque
925 2256 1072 2334 l'rudlum
1093 2259 1171 2332 iude
1189 2257 1381 2357 proludium
1406 2254 1586 2334 seminibus
1608 2258 1800 2356 scateneeum

173 2368 351 2463 harumque
378 2367 538 2438 munium
566 2368 710 2460 partium
732 2361 958 2448 exlllentiam,
1000 2359 1039 2436 ex
1060 2360 1213 2460 analogia
1243 2359 1431 2436 Plantaruur
1450 2369 1800 2463 rusenogamrcsrrnr

175 2463 303 2554 dudm,
338 2469 374 2536 in
402 2463 520 2564 plantis
548 2490 567 2536 a
597 2461 630 2538 le
659 2469 895 2562 cryptugamis
913 2461 1082 2564 appellatis
1100 2458 1275 2562 suspicatus
1295 2464 1339 2536 ell
1362 2459 1430 2563 ipse
1449 2467 1686 2538 Butanieorum
1707 2473 1799 2542 Prin·
1886 2547 1889 2554 ,

174 2593 242 2666 eeps
263 2570 454 2642 erxnuus
469 2603 521 2620 ·-
544 2583 576 2637 et
595 2563 678 2638 illud
704 2570 954 2666 cryptogamiae
974 2590 1122 2654 nornen,
1150 2561 1243 2665 quod
1268 2560 1356 2639 hisee
1375 2565 1613 2664 vegetabilibus
1627 2565 1797 2667 imposuit,

177 2689 313 2742 mentem
336 2671 416 2758 Eius
441 2667 547 2759 probe
565 2665 738 2764 indigitat,
765 2691 869 2767 quum
892 2691 1006 2740 earmn
1030 2669 1159 2765 nuptisa
1180 2665 1268 2740 elam
1293 2667 1469 2757 celebrari,
1496 2665 1670 2767 nullasque
1691 2671 1801 2745 oeulie
1881 2753 1886 2763 p

176 2769 284 2843 nolln‘e
305 2765 373 2842 sese
397 2764 521 2840 offerre
546 2762 638 2841 lexus
662 2791 785 2866 partes,
817 2767 858 2840 ed
878 2765 1029 2844 anthelm
1049 2763 1285 2865 perficiendum
1309 2763 1499 2855 destinatas,
1532 2768 1796 2870 deprehenderit.

176 2877 212 2944 ln
231 2871 483 2970 quamplurimis
506 2873 599 2964 huius
623 2868 924 2957 clauserimus,
956 2869 1076 2942 illlraec
1096 2893 1221 2968 organa
1249 2867 1321 2967 pull
1343 2873 1419 2964 Ejus
1441 2860 1600 2970 tempora
1617 2877 1716 2946 etiam
1739 2871 1797 2948 de·

180 2975 259 3045 seua
281 2969 369 3062 lunt,
394 2992 426 3044 et
449 2972 525 3042 licet
545 2995 615 3044 non
639 2975 912 3070 incomparata,
938 2989 973 3042 ur
996 2975 1031 3040 in
1056 2969 1189 3070 reliquia
1210 2971 1330 3068 plantis
1354 2973 1649 3072 plrae'nogamicis‚
1681 2995 1795 3048 tamen

175 3081 338 3176 geniturae
359 3067 521 3144 masculae
543 3067 598 3144 seu
621 3065 789 3171 spermatis
810 3095 907 3172 etque
927 3095 1134 3170 organorum
1155 3067 1382 3142 femineorum
1404 3069 1543 3160 iudicia,
1576 3070 1702 3146 fruetus
1725 3080 1798 3149 veri

177 3195 205 3250 et
224 3172 343 3248 semina
366 3171 536 3246 observata
562 3169 646 3254 sunt,
709 3171 819 3264 Quid,
845 3172 925 3245 alios
951 3195 986 3244 ut
1010 3193 1155 3260 taceam,
1182 3169 1222 3242 ad
1249 3176 1366 3247 herum
1393 3178 1549 3246 omnium
1573 3181 1715 3274 partium
1739 3203 1796 3251 ex.

176 3279 381 3376 plicationem
395 3273 594 3348 dexterrime
606 3295 639 3347 et
654 3269 890 3350 aecurstilllme
913 3272 1086 3370 praeliavit
1106 3271 1343 3367 inelyrillimus
1358 3266 1547 3346 observator
1564 3274 1730 3378 Hedwig,
1753 3303 1799 3352 ex

176 3383 246 3472 Ejus
273 3375 397 3452 sunrmi
421 3381 516 3476 pretii
545 3379 702 3488 operibus
726 3395 846 3450 nutum
869 3375 934 3464 ell;
966 3369 1023 3446 sed
1049 3397 1164 3448 nonne
1191 3375 1268 3462 ute,
1301 3375 1445 3476 nimium
1468 3377 1704 3472 praejudicatae
1724 3385 1797 3480 opi.

175 3486 263 3554 nioni
285 3477 431 3553 Sexualie
450 3477 651 3571 'Syllenrstis
673 3477 822 3551 addidlus
844 3475 926 3568 fuit,
957 3475 1093 3576 quando
1114 3501 1251 3550 omnem
1272 3477 1375 3548 alium
1399 3475 1533 3552 exclusit
1552 3483 1674 3555 horum
1696 3505 1794 3580 vege.

172 3583 314 3656 trbilium
337 3585 585 3680 propagationis
606 3575 747 3654 modum
769 3601 801 3652 er
821 3575 1117 3652 foecundationem
1139 3573 1325 3664 funalem,
1350 3574 1497 3652 studium
1515 3600 1547 3653 et
1567 3586 1699 3654 Semina
1716 3593 1800 3680 pro-¹

23 3739 25 3766 ,
173 3683 361 3768 dueentem,
400 3679 504 3756 solam
530 3681 689 3756 admiflti
744 3683 925 3780 Quumque
951 3705 1012 3752 nee
1042 3675 1307 3754 foecundationis
1331 3679 1495 3767 modum,
1535 3707 1643 3782 neque
1667 3706 1801 3782 organar
1834 3741 1838 3747 .

23 3845 25 3858 .
172 3791 244 3860 huie
261 3783 365 3881 scopo
385 3779 611 3874 inservientia,
638 3778 710 3855 satis
729 3781 874 3856 dilucide
889 3788 924 3854 in
940 3781 1053 3878 mgis,
1080 3787 1214 3880 proprie
1230 3779 1273 3854 lle
1287 3779 1400 3870 diuis,
1427 3803 1458 3854 et
1474 3785 1670 3856 Lichenibus
1686 3786 1795 3858 ollen.

171 3887 243 3962 dere
263 3887 378 3973 valuit,
402 3881 515 3966 ansam
535 3883 634 3960 limul
654 3885 803 3985 praebuit
824 3879 1038 3971 adversariis,
1063 3889 1263 3957 contrariam
1286 3903 1431 3958 mentem
1452 3877 1658 3973 foventibus,
1685 3907 1795 3962 toturn

172 3995 231 4066 hoe
252 3984 394 4082 syllema
416 3984 544 4061 sexuale
564 4009 860 4088 cryptogamorunr
886 3983 1071 4058 debellandi
1094 4005 1126 4058 et
1147 3983 1371 4084 improbandi.
1424 3989 1558 4059 Horum
1581 3985 1716 4084 quidam
1734 4009 1799 4090 pua*

173 4113 277 4166 taruut
304 4087 427 4162 semina
459 4087 548 4162 nulla
577 4117 651 4162 vera
681 4093 769 4162 hisce
800 4087 955 4186 plantulis
980 4083 1098 4172 inelle,
1132 4081 1186 4160 sed
1216 4092 1260 4158 uri
1285 4089 1505 4183 geruntiparas
1528 4083 1738 4184 respexerunt
1763 4111 1798 4166 et

172 4221 224 4292 per
238 4194 433 4295 gongyloe‚
458 4197 504 4264 uti
525 4197 686 4264 Gnerrner
706 4191 812 4263 voluit
823 4246 841 4280 ‚¹
860 4215 912 4262 eas
931 4211 1058 4262 tantum
1082 4194 1257 4288 propagari
1278 4189 1492 4285 pullularunt.
1545 4187 1633 4272 Quid
1658 4197 1739 4266 milri
1756 4199 1796 4268 in·
1888 4241 1892 4246 -

171 4294 392 4370 examinandis
421 4296 603 4366 Lichenum
623 4295 766 4392 partibus
789 4294 997 4386 aliquantum
1022 4311 1204 4392 occupato,
1239 4295 1275 4365 iu
1297 4293 1363 4364 hoe
1383 4285 1616 4364 sententiarum
1636 4289 1792 4382 divortio,

169 4395 372 4473 sentiendum
396 4391 454 4484 lle,
481 4396 623 4468 brevitet·
644 4420 812 4496 exponere
833 4395 940 4470 liceat.
1503 4391 1506 4398 ⁴
1678 4411 1682 4418 “
1793 4409 1796 4414 “

273 4576 396 4656 Varia,
422 4564 477 4645 sed
500 4589 571 4644 nou
594 4565 728 4668 prorlus
748 4572 1001 4659 convincentia,
1027 4567 1226 4668 documenta
1243 4567 1398 4668 allegavit
1422 4505 1796 4665 superirruentium

169 4682 256 4778 vig,
278 4676 397 4780 quibua
420 4669 498 4752 lere
516 4693 550 4748 et
578 4698 641 4751 uus
661 4693 758 4780 aptes
772 4667 928 4775 ¹persuasa
954 4669 1177 4848 credidimusss,
1203 4677 1480 4780 propagatipnem
1494 4669 1796 4847 ,Licleuumgtiaetg
