4398 5524
991 1038 1203 1112 GENUS
1254 1039 1432 1111 Xlllll.

806 1250 1616 1361 sTlc'Tn

1032 1533 1412 1562 nun-m

871 1761 1178 1882 'Charaller
1229 1757 1521 1836 Naturalia.
1632 1849 1635 1856 ι

398 1933 655 2006 Aroanrcrnur
680 1909 899 1985 orbiculatum
922 1906 1165 1988 eralsrusculum
1190 1931 1305 1983 centro
1327 1905 1435 1984 subtus
1458 1909 1561 1984 thallo
1581 1909 1747 2000 affixum,
1784 1909 1945 1992 subsellile
1959 1919 2030 1994 'al-

513 2012 655 2122 preffum
679 2017 718 2086 ab
744 2038 852 2114 eoque
877 2011 1059 2086 sormatum
1088 2037 1121 2086 rt
1148 2019 1391 2108 marginatunt,
1425 2019 1578 2106 margine
1601 2013 1811 2106 subinflexoa
1845 2024 1882 2092 in
1903 2024 2030 2096 ambitu

461 2167 465 2174 v
510 2120 621 2198 subtus
637 2115 801 2200 liberum,
827 2111 920 2189 disco
933 2139 1105 2203 concavo,
1130 2113 1231 2212 plano
1247 2115 1298 2186 vel
1317 2109 1589 2192 convexiusculo.

512 2254 647 2328 Lumina
669 2247 833 2340 proligerra
854 2235 981 2313 discum
1004 2243 1168 2336 apothecii
1192 2237 1366 2329 sormam,
1398 2243 1432 2312 in
1457 2243 1580 2342 ambitu
1603 2247 1756 2340 margine
1778 2243 1926 2318 tlrallode
1951 2273 2030 2325 eam

404 2356 408 2366 '
511 2349 682 2446 superante
704 2345 829 2432 cin6la3
854 2347 1067 2416 membranula
1083 2339 1228 2412 colorata
1246 2340 1348 2428 teila,
1367 2340 1493 2514 lplana,
1514 2339 1656 2463 'subinde
1676 2339 1947 2440 eonuvtulcuta,
1976 2353 2032 2428 vel

510 2473 678 2532 convexa,
706 2441 843 2544 simplex
865 2440 1086 2532 crassiuscula;
1106 2445 1347 2540 purenclryorulr
1383 2439 1609 2544 obgelmnoso
1632 2439 1947 2524 cellulum-lirino.

512 2575 657 2674 'Gongyli
685 2576 767 2650 iutra
797 2565 1003 2648 subllantiam
1027 2569 1171 2675 laminae
1193 2566 1379 2666 proligcrae
1401 2565 1586 2642 nidulantes
1612 2565 1692 2644 nudi
1710 2563 1805 2672 sparsi
1825 2579 1927 2676 inque
1944 2575 2029 2652 ssriia

511 2675 717 2751 cellularibur
736 2673 939 2744 tenuioribus
956 2659 1007 2742 vel
1028 2665 1276 2740 subventricosrs
1294 2676 1462 2744 attenuatis
1478 2667 1606 2746 inclufi.

397 2818 583 2894 Τιιιιιιυι
610 2797 767 2871 suliaceus
792 2797 1305 2896 cartilaginea·membranaceus
1327 2823 1365 2868 ac
1384 2804 1552 2874 coriaceus
1574 2798 1702 2874 lobuuu
1722 2793 1833 2876 lirblnr
1850 2801 2030 2906 lanugino-

511 2905 562 2984 [ιιι
577 2897 758 3018 saepissimo
778 2897 902 2974 ibidem
917 2892 1152 3000 eyplrelliserur
1170 2896 1220 2972 vel
1235 2891 1446 2982 sorediserur,

994 3337 1427 3417 Observationes.

458 3505 578 3580 tiriae
595 3499 732 3570 Generis
750 3495 930 3590 Apotheeia
946 3511 1124 3565 occurrunt
1137 3511 1190 3564 aot
1205 3487 1355 3566 crassiora
1373 3512 1407 3566 ιιι
1423 3494 1457 3564 ῐιι
1470 3493 1725 3582 beatioris,
1751 3517 1818 3586 aut,
1844 3485 1920 3574 sicet
1935 3527 2027 3590 raro,

499 3599 808 3682 submembranacea
839 3615 874 3666 ut
895 3599 930 3668 in
960 3597 1158 3666 Everniir
1184 3612 1216 3665 et
1241 3593 1487 3684 Parmeliis,
1521 3601 1672 3696 margine
1698 3597 1843 3672 tlrallrule
1867 3601 2030 3678 laminam

399 3693 570 3812 superante
587 3723 617 3772 et
637 3698 788 3782 elevato,
814 3703 880 3790 jam
901 3691 1064 3784 crassiori,
1088 3702 1154 3788 jam
1176 3701 1318 3768 tenuiori
1342 3716 1373 3768 et
1399 3693 1524 3770 inllexo
1546 3701 1664 3778 cineta.
1723 3703 1839 3774 Subrur
1863 3727 1952 3800 parte
1971 3703 2030 3778 sua

398 3811 533 3890 centrali
554 3803 658 3878 thasio
679 3797 861 3897 affiguntur
877 3817 908 3869 et
933 3795 1055 3869 ibidem
1077 3791 1257 3894 subpeltato
1276 3791 1434 3884 -selstlin‚
1472 3791 1524 3870 sed
1552 3825 1623 3872 non
1651 3799 1771 3874 eleuata
1798 3809 1880 3876 utin
1902 3809 2032 3880 Ever.

400 3922 487 3992 niie
510 3933 541 3985 et
563 3900 804 3984 Parmeliir,
832 3897 935 3972 thallo
955 3919 1064 3970 autern
1078 3896 1167 3998 quasi
1183 3894 1349 3994 adpressa,
1383 3906 1535 4002 quamvis
1554 3927 1614 4000 pro
1634 3909 1781 3974 maxima
1801 3911 1941 4002 partein
1956 3933 2030 3988 am.

399 4023 468 4093 bitu
489 4008 596 4084 subtus
612 4006 722 4076 libera.
758 4005 896 4104 Lamina
920 3999 1084 4098 proligera
1098 3997 1232 4073 crassior
1247 4025 1349 4100 quarn
1368 4005 1400 4074 in
1417 3997 1502 4074 hisce
1519 4005 1699 4074 Generibur
1718 4027 1752 4076 et
1767 4011 1846 4080 naec
1867 4035 1930 4080 una
1949 4037 2032 4084 cum

398 4118 562 4220 apothecis
583 4101 674 4182 disco
687 4101 874 4198 subjacente
891 4097 977 4200 opud
993 4097 1151 4199 quaedam
1174 4095 1295 4199 specior
1317 4127 1375 4201 per
1394 4125 1532 4176 aetatem
1557 4109 1598 4175 ita
1620 4105 1788 4194 elevatur,
1823 4127 1859 4180 ut
1879 4133 2028 4184 convexa

400 4219 516 4296 euadat
530 4235 627 4310 atque
640 4211 744 4306 magis
761 4199 939 4278 incrassata.
993 4209 1032 4276 lu
1049 4203 1119 4274 aliia
1140 4203 1326 4278 conllarater
1343 4205 1437 4302 plana
1460 4205 1513 4276 vel
1530 4201 1792 4282 concariuscula.
1845 4213 1942 4284 lianc
1956 4209 2028 4288 sor·

400 4347 475 4400 mae
495 4307 716 4388 diversitatem
738 4311 793 4394 (in
819 4332 883 4380 una
905 4305 955 4380 uel
975 4299 1109 4377 diversis
1131 4299 1315 4403 speciebus)
1336 4333 1374 4378 ac
1396 4311 1636 4394 mutationem,
1662 4311 1817 4382 Stislae
1837 4331 1869 4384 et
1889 4319 2031 4389 linare·

401 4449 469 4498 rae
485 4437 703 4492 communem
722 4409 863 4490 habeut,
888 4413 922 4480 in
938 4405 1160 4480 Parmeliia
1174 4411 1236 4478 aix
1261 4433 1421 4504 uniquam
1442 4401 1697 4485 observandam.
1761 4413 1846 4486 lurra
1871 4417 2030 4490 Lamiuae

400 4523 608 4602 subllan'tiam
629 4515 681 4584 rix
706 4509 790 4584 ullae
812 4509 976 4608 regulares
997 4507 1152 4592 cellulae,
1187 4501 1241 4577 sed
1263 4513 1322 4578 hae
1344 4511 1396 4582 vel
1417 4507 1660 4604 angullillimae
1681 4509 1900 4592 siriaesorrner
1918 4523 2028 4592 variae

399 4617 638 4728 longitudinis,
666 4613 718 4686 uel
734 4611 806 4713 plus
827 4617 938 4686 mium
955 4617 991 4688 in
1005 4605 1120 4686 medio
1137 4603 1325 4686 incrassatae
1344 4631 1376 4684 rr
1396 4614 1612 4689 acurniuatae.
1694 4638 1702 4662 ¹

1940 4757 2033 4856 Apo·
