4382 5518
680 439 895 526 sesostres.
930 443 1106 524 Cladouin,
1135 407 1139 414 '
1637 457 1718 546 ut
1846 553 1850 570 .

121 647 325 742 lla'euntpces
348 639 579 720 bellidillnrus.
631 649 750 724 Actor.
773 645 991 725 Meib'Licl.
1017 672 1131 747 pm.
1243 713 1247 721 .

123 775 250 846 Liclren
273 769 502 847 bellidillorus.
555 775 677 850 Atllor.
700 779 889 870 Lt‘rltsnogr.
913 778 1000 850 Snus.
1028 777 1152 851 Prode.
1171 799 1208 871 p.
1222 795 1289 863 194.
1315 807 1365 832 ..
1391 789 1425 850 el
1449 782 1483 850 ia
1513 779 1597 851 Non
1631 773 1704 851 Αθ.

190 877 294 948 Arnrl.
316 877 429 949 Stltus.
461 876 584 950 Stortt.
615 875 662 952 V.
681 899 729 952 22.
756 901 793 971 p.
810 891 873 955 ηε.
887 895 957 966 539.
1577 915 1582 930 ‚

124 1003 171 1073 lc.
210 1000 327 1074 Acltnr.
356 1005 390 1075 t'n
415 997 602 1076 Nummi.
629 999 731 1076 Anu
755 1007 870 1077 Scitnt.
898 1001 1019 1076 stoctt.
1042 1003 1107 1075 st.
1147 959 1272 1088 Tosnrp
1301 1005 1372 1094 fir.

122 1121 259 1198 Pudetis
283 1123 513 1220 albo-pallida
539 1151 643 1226 prope
667 1145 785 1198 terram
811 1123 920 1199 solua,
936 1123 1022 1197 baud
1052 1121 1281 1224 pulverulenta
1310 1119 1367 1197 sed
1400 1117 1579 1223 squamosis
1606 1121 1704 1199 solis·

184 1231 248 1298 cris
274 1228 410 1326 pulchre
436 1221 737 1298 eroso-crerrularis
766 1225 881 1324 pslsnn
904 1221 1071 1322 adspersu,
1086 1223 1283 1298 ·rluriuscols
1308 1225 1519 1319 cylindracso
1543 1253 1601 1324 per
1619 1249 1704 1306 aeta·

115 1337 120 1348 '
187 1349 253 1398 retu
283 1321 382 1398 crassa
405 1347 436 1402 et
462 1323 599 1398 subinde
628 1323 886 1415 subventionis,
914 1327 1210 1426 prolificariouibus
1240 1345 1290 1397 ter
1311 1339 1466 1428 quaterve
1493 1331 1635 1424 repetitis
1664 1325 1687 1400 s
1689 1372 1702 1388 ·

186 1428 256 1500 rrtul
279 1426 391 1501 sonatis
415 1451 485 1500 non
510 1453 585 1500 raro
612 1449 629 1514 3
657 1433 766 1499 uncias
793 1429 890 1501 alim·
931 1431 1056 1526 Scypbi
1080 1421 1460 1524 subcylinrlricipsrum
1482 1426 1607 1499 dilatari
1636 1448 1703 1500 tur·

185 1531 305 1613 binni,
331 1527 505 1602 inferiores
527 1553 647 1602 omnes
669 1528 789 1600 lletiles
818 1526 1025 1612 denticulati,
1050 1552 1071 1599 e
1093 1533 1244 1623 margine
1265 1525 1603 1625 repetito-proliseri,
1629 1527 1703 1603 ulri-

122 1667 125 1675 ·
187 1637 249 1702 ntis
277 1634 311 1702 in
341 1634 511 1726 margine,
548 1628 721 1701 denticulis
754 1631 959 1702 creberrimis
994 1626 1184 1700 brevissimis
1216 1627 1375 1718 crillatis,
1414 1631 1532 1728 quibus
1565 1625 1701 1726 lingulis
1851 1703 1854 1712 ,

184 1729 326 1802 insident
352 1735 523 1828 apothecis
549 1736 675 1802 minuta
701 1737 855 1804 coccinea
885 1732 928 1802 ob
950 1726 1171 1830 frequentiam
1196 1728 1300 1801 veluti
1319 1730 1587 1828 conglomerata,
1614 1727 1701 1804 unde

185 1830 284 1904 saciet
308 1835 403 1924 buius
429 1832 660 1929 pulcherrima.

119 1961 322 2030 varietatem
350 1949 413 2028 else
437 1981 500 2028 uec
528 1981 587 2054 per
614 1951 853 2031 sedillintllam
884 1952 1025 2052 speciem
1052 1956 1170 2052 probat
1192 1961 1261 2048 ejus
1291 1959 1443 2044 varietas,
1471 1981 1549 2028 nam
1573 1976 1699 2030 tantum

183 2063 287 2130 unico
319 2062 354 2130 iu
374 2055 453 2128 loen
476 2057 576 2130 oneo
590 2059 709 2128 Gotiae
732 2039 782 2128 'sat
804 2083 902 2154 parce
929 2053 1128 2127 crescentem
1153 2060 1440 2128 invertit-Amicus
1467 2054 1594 2132 Clariis.
1620 2064 1700 2131 We·
1856 2097 1864 2106 ·

182 2159 381 2332 sssiug‚sst
414 2162 582 2230 sanetates
614 2157 762 2256 reliquae
789 2157 945 2255 polllracc
979 2154 1021 2228 sd
1053 2158 1141 2256 alpes
1170 2155 1379 2230 Dalelrarlise
1406 2157 1610 2256 copiosiores
1649 2183 1697 2232 re·

182 2281 309 2356 ¹pertas·
339 2277 407 2333 unt.

92 2405 135 2496 β.
170 2413 213 2483 C.
245 2410 378 2507 uestita:
417 2405 557 2505 podetiis
587 2403 797 2480 craffiusculis
829 2402 971 2505 squamis
1001 2407 1115 2477 eredis
1153 2406 1330 2480 imbricatis
1367 2399 1511 2480 incurvis
1550 2389 1699 2503 nudique

143 2511 262 2582 vellitis
284 2505 422 2606 superne
448 2503 634 2591 subdivilist
655 2512 852 2606 apothecis,
877 2513 914 2580 in
938 2507 1084 2605 apicibus
1106 2508 1248 2604 capitula
1271 2504 1511 2592 formantibus,
1538 2504 1697 2602 majuscu-

146 2613 186 2685 lis
216 2611 474 2709 conglomeratis
500 2613 673 2682 coccineis.
1632 2647 1635 2655 ·
1674 2643 1679 2658 ·

115 2737 255 2810 Habitat
281 2731 323 2806 ad
353 2737 489 2810 simam
516 2731 731 2810 Daleltarlia'e.
762 2737 929 2810 unane.

118 2859 255 2938 l'otletia
283 2859 432 2952 'uncialis
466 2857 665 2956 vel'paullo
697 2855 781 2930 ultra
815 2851 1034 2954 substmplicia
1063 2849 1206 2954 squamis
1234 2852 1385 2930 soliaceis
1421 2849 1534 2954 crispis
1566 2855 1695 2932 inflexis

177 2965 385 3034 creberrimis
419 2965 563 3030 omnino
595 2955 667 3029 sere
695 2959 794 3044 tesla,
834 2955 972 3052 superne
1002 2963 1037 3028 iu
1066 2977 1127 3031 2*
1145 2957 1247 3046 3·vel
1285 2957 1393 3053 plures
1428 2983 1541 3030 rarum
1569 2963 1695 3032 erectos
1757 3043 1760 3050 ,

176 3059 359 3160 salligiatos
396 3064 430 3148 (e
456 3057 569 3155 lcypbl
599 3055 752 3131 delirusli
783 3059 1027 3156 prolificatione
1047 3063 1163 3145 ortos)
1192 3051 1312 3144 divisa,
1344 3060 1490 3154 apicibus
1511 3065 1634 3134 borum
1660 3067 1699 3132 in'

175 3160 324 3257 scyphos
361 3157 450 3257 quali
479 3161 639 3242 ditantis,
669 3153 724 3230 sed
754 3162 924 3255 apothecis
959 3162 993 3229 in
1031 3161 1081 3229 his
1110 3179 1142 3230 st
1174 3181 1291 3230 eorum
1320 3160 1524 3255 marginibus
1557 3166 1601 3232 ita
1626 3157 1697 3234 sre-

177 3267 311 3362 quentia
341 3258 414 3334 suns
449 3281 481 3333 er
514 3259 764 3352 conglomerata
794 3280 830 3333 ut
857 3256 1022 3356 scyphum
1057 3277 1163 3331 totum
1198 3263 1355 3356 obtegant
1385 3255 1696 3356 (quemadmodum
1752 3263 1759 3270 ’

177 3374 216 3436 in
241 3361 363 3436 Dilleu.
395 3359 479 3434 Hill.
512 3355 620 3436 Mose.
658 3361 746 3434 Tab.
769 3362 822 3448 tt.
852 3355 952 3448 stt.
976 3361 1031 3448 tt.)
1055 3380 1087 3431 et
1114 3356 1210 3432 fimul
1242 3355 1344 3430 sumta
1375 3358 1554 3455 capitulum
1592 3357 1695 3434 effur-

170 3461 281 3539 'ment
347 3465 529 3560 Apotlrccia
564 3455 702 3543 satomte
731 3465 886 3535 coccinea
915 3479 949 3534 et
977 3460 1088 3534 multo
1116 3468 1244 3556 mojona
1275 3483 1379 3559 quem
1407 3464 1445 3531 in
1482 3463 1588 3559 priori
1620 3463 1697 3560 (a),

177 3591 239 3666 pes
267 3582 406 3640 aetatem
429 3555 652 3638 luscescentia.

114 3689 333 3771 cledonis
360 3685 656 3788 polycephala
681 3685 807 3783 Hufflt.
832 3691 885 3762 ut.
910 3687 1025 3763 Germ.
1045 3691 1153 3782 μυός
1180 3710 1223 3758 an
1246 3683 1298 3758 ssl-
1319 3687 1406 3758 bane
1435 3686 1489 3759 uel
1521 3683 1564 3759 srl
1589 3639 1693 3760 vsrie·

122 3867 127 3874 ,
177 3781 281 3866 ratem
300 3785 487 3862 ssotestn
514 3793 779 3882 Cenomycis
808 3781 1050 3861 coeciserae
1069 3795 1230 3886 pertineat
1261 3791 1478 3886 ignoramus·

89 3971 126 4037 γ,
150 3949 198 4022 C.
228 3939 451 4040 ampullifsra:
489 3931 632 4034 podetiis
662 3933 907 4036 prolilicatlone
937 3931 1074 4008 morosus
1104 3930 1519 4032 squamulosmscabridis,
1559 3928 1692 4034 scypltia

139 4041 383 4140 cylindraceo·
402 4039 591 4124 turbinatis;
637 4039 821 4140 apotheciis
856 4040 1048 4136 marginum
1081 4031 1231 4108 solitariis
1265 4039 1403 4108 minutis
1434 4031 1692 4109 concaviussulia

138 4148 335 4246 coccineis„
350 4137 490 4214 demum
515 4136 671 4238 oblongis
693 4135 883 4214 ventriculis
910 4141 949 4210 in
964 4142 1059 4234 apice
1082 4133 1242 4238 impreffis
1262 4129 1526 4210 luscescentibns.

114 4268 251 4352 Pudetis
274 4264 346 4342 sete
377 4285 415 4338 ut
442 4270 482 4338 in
508 4260 720 4349 antecedente
746 4255 809 4353 (β)
844 4260 962 4337 iisdem
994 4267 1029 4336 in
1055 4262 1140 4336 locis
1162 4267 1395 4362 proveniente,
1430 4255 1488 4342 secl
1512 4260 1691 4358 graciliora

176 4397 261 4446 mox
279 4389 312 4442 et
337 4371 443 4464 magis
468 4365 539 4462 poll
560 4365 839 4463 prolilicarionens
866 4365 1031 4463 peraslam
1061 4363 1211 4450 ramola,
1236 4368 1401 4460 ramisque
1423 4361 1536 4437 etesiis
1563 4358 1618 4436 sed
1639 4361 1690 4434 rli·

175 4467 286 4548 versae
309 4463 534 4565 longitudinis
552 4489 614 4538 nec
634 4460 801 4560 salligiatis
828 4485 864 4538 ut
895 4470 929 4536 in
954 4465 1018 4538 illa.
1081 4458 1341 4562 llpotbeciornm
1370 4457 1483 4534 sonna
1515 4459 1690 4560 singularis

174 4581 211 4649 in
236 4580 297 4646 hae
323 4573 489 4641 uarietate.
542 4569 675 4642 Minuta
697 4555 770 4640 suut
789 4585 821 4638 et
842 4571 875 4636 in
898 4571 1048 4661 margine
1073 4561 1279 4662 scyphorum
1302 4557 1440 4638 discreta
1461 4563 1519 4639 seo
1543 4561 1687 4646 solitaria

172 4702 238 4757 nec
258 4669 509 4774 conglomerata
534 4687 570 4742 ut
596 4675 632 4745 in
656 4668 820 4767 prioribus
845 4676 904 4761 los
920 4659 989 4754 β),
1030 4670 1144 4758 primo
1171 4662 1393 4740 luburceulata
1424 4661 1481 4738 seu
1505 4667 1547 4737 in
1571 4662 1689 4837 medpp

931 4769 1013 4842 ΖΗ
1042 4785 1064 4852 3
1533 4769 1652 4865 impres
