4466 5536
406 417 432 498 4
714 407 717 416 ’
957 411 1025 466 Ἦ
1055 409 1253 466 UOHENUM
1281 407 1465 466 tumtur

410 593 661 682 cuallitueutea,
693 619 766 669 uon
789 587 908 668 solidae
930 587 983 666 sed
1008 587 1174 666 tubulolaa
1203 587 1285 678 else,
1318 616 1384 692 ope
1404 597 1567 666 vitrorum
1590 584 1871 690 eornpolittrrurn¹
1888 589 2042 694 detegere

408 694 554 774 successit
583 717 616 771 et
642 696 857 790 ductulorum
884 721 1023 769 inuuere
1045 692 1142 788 sungi
1173 695 1344 792 probabile
1370 693 1426 769 eil.
1480 697 1523 766 lli
1551 692 1653 766 tubuli
1683 689 1846 790 simplicat
1871 688 1965 780 sunt,
1993 723 2043 768 re·

410 793 559 876 dliusculi
583 799 729 898 paralleli
754 821 786 872 et
809 794 1023 872 fasciculatim
1051 801 1240 896 aggregati,
1275 820 1337 868 nec
1360 791 1438 895 ipli,
1473 819 1535 868 nec
1555 793 1627 866 aliis
1655 790 1814 892 spiraliter
1838 799 1932 868 tortia
1958 795 2042 872 vasae

410 897 575 984 alsociati,
612 927 671 998 per
701 922 839 974 aetatem
866 899 1024 996 implicari
1051 904 1135 996 rupti
1167 920 1198 968 et
1232 900 1355 994 absque
1382 895 1501 970 ordine
1529 901 1725 984 commixti,
1764 902 2040 972 ementbranula

410 1007 587 1078 tenerrima
610 1003 768 1094 byalina,
795 1007 828 1074 in
855 1003 936 1074 llatu
960 998 1119 1074 exllceato
1143 1003 1253 1086 inani,
1284 995 1451 1084 fabricati,
1487 1017 1520 1070 et
1549 995 1656 1068 modo
1678 991 1831 1072 vasorum
1856 1001 2043 1097 capillario·

411 1131 487 1178 turn
508 1129 578 1178 noo
601 1101 810 1178 ramosarum
836 1099 879 1174 de
906 1121 1017 1174 cetero
1043 1105 1243 1197 comparati,
1271 1096 1380 1172 versut
1405 1119 1555 1172 centrum
1578 1099 1669 1174 thalli
1690 1097 1870 1199 aliquando
1893 1103 2043 1176 conden-

410 1201 488 1290 sati,
514 1199 708 1278 salciculum
735 1202 949 1278 dutiulorum
976 1201 1029 1274 vel
1054 1202 1166 1288 silum,
1194 1205 1336 1272 minime
1362 1219 1507 1283 tortum,
1540 1195 1740 1289 efformant,
1766 1206 1801 1273 in
1833 1203 1905 1274 aliis
1934 1201 2043 1277 varsua

411 1301 621 1382 substantiam
644 1305 832 1380 corticalem
857 1300 1044 1385 densiores,
1078 1308 1113 1374 in
1137 1323 1251 1374 centro
1283 1306 1337 1374 vix
1364 1301 1443 1390 ulli,
1475 1306 1562 1374 etin
1586 1305 1653 1376 hoc
1675 1298 1748 1374 casu
1775 1303 1894 1376 tlrallua
1920 1306 2045 1380 lillulo·

410 1403 464 1482 sua
486 1403 605 1482 evadit.
664 1403 761 1505 Apud
789 1404 970 1480 crullaceov
990 1408 1150 1478 Liclrenev
1171 1399 1243 1474 sere
1263 1407 1409 1478 omnino
1436 1399 1659 1478 defiderautur
1681 1403 1831 1490 evanidi,
1859 1407 1911 1480 vel
1933 1413 2044 1482 minu·

356 1529 363 1536 '
411 1507 521 1582 riffimi
545 1503 671 1580 suntet
696 1508 829 1605 pulvere
851 1500 1043 1578 subllantiae
1071 1509 1236 1578 interioria
1262 1507 1436 1584 corrnnixtl
1458 1531 1496 1574 ac
1518 1504 1686 1578 obvallari.
1746 1505 1948 1582 Subllautiae
1968 1535 2043 1584 cot·

410 1611 497 1684 ticali
519 1634 588 1709 quo
613 1615 787 1708 propiores
813 1633 854 1680 eo
878 1612 981 1706 magis
1006 1607 1200 1704 irregulares
1227 1599 1300 1679 suut
1319 1626 1417 1705 etque
1438 1602 1584 1696 ibidem,
1616 1625 1652 1679 ut
1678 1625 1828 1706 apparet,
1862 1616 2045 1686 terminan-

412 1732 474 1787 tur.
529 1710 648 1784 Nullos
672 1712 754 1784 alioa
777 1709 905 1782 canalca
929 1709 981 1780 vcl
1005 1705 1158 1780 dulluloa
1185 1701 1247 1780 hoa
1271 1711 1470 1807 excipientes
1494 1705 1646 1805 detegere
1676 1706 1830 1784 succellit.
1893 1713 2045 1788 Subllao·

411 1820 491 1886 tiana
513 1811 730 1884 medullarem
759 1813 849 1884 thalli
873 1831 1099 1910 percurremus
1119 1813 1301 1908 Apothecia
1326 1814 1425 1882 etiarn
1450 1807 1683 1908 ingrediuntur
1703 1806 1910 1886 diversorum
1932 1816 2046 1890 Liche·

411 1939 517 1999 uum,
542 1907 597 1986 sed
620 1911 755 2013 quando
777 1911 817 1986 ad
842 1912 1000 1984 laminam
1022 1913 1142 1984 eorum
1167 1910 1252 2009 proli
1278 1937 1368 1984 eram
1392 1907 1496 2002 (iusta
1521 1906 1790 2004 describendam)
1814 1914 1975 1988 accedunt
1990 1941 2046 1990 eu·

412 2013 490 2090 dena
519 2011 624 2086 modo
652 2011 775 2088 ibidem
799 2019 1018 2086 terminantur
1046 2040 1085 2085 ac
1110 2008 1220 2084 versus
1246 1937 1455 2086 llrbslantiam
1484 2012 1575 2086 thalli
1602 2011 1805 2087 curticulam.
1869 2019 1973 2090 Hisce
1996 2042 2045 2090 ra·

412 2117 559 2190 tionibua
585 2111 750 2216 persuasus
772 2137 804 2188 et
825 2115 971 2210 pluribua
998 2111 1086 2188 insra
1114 2111 1320 2211 exponendia
1349 2113 1490 2188 thallum
1518 2118 1565 2186 uti
1591 2117 1776 2188 Liebeuum
1804 2115 2046 2214 errptaertluttt

412 2220 587 2316 vaiotrfhlt
611 2215 889 2294 considerandum
911 2211 976 2290 else
1001 2213 1245 2290 concludimur.

527 2418 664 2492 Nullam
689 2416 835 2515 plantam
859 2415 1007 2489 acaulenr
1037 2409 1100 2490 else
1130 2413 1329 2514 praedicavit
1356 2416 1409 2491 Cl.
1431 2413 1580 2516 Hedvtig
1608 2437 1641 2492 et
1663 2415 1890 2494 demonllrare
1909 2440 2047 2494 conatua

414 2519 461 2594 ell
484 2514 576 2593 suam
599 2515 813 2606 sententiam,
841 2511 893 2590 led
919 2523 1029 2592 miuus
1049 2539 1171 2592 certam
1193 2513 1258 2592 esse
1276 2518 1399 2592 docent
1417 2543 1536 2592 omnea
1560 2524 1738 2608 lichenas,
1764 2545 1910 2621 quorum
1928 2522 2047 2596 thallua

416 2619 673 2718 Receptaculurn
705 2617 877 2718 quoddam
909 2613 1091 2692 universale
1119 2621 1354 2718 gongylorvm
1375 2639 1407 2694 et
1433 2623 1687 2720 apotlaeciurum
1710 2629 1820 2721 potina
1839 2623 1904 2711 ell,
1938 2629 2047 2698 trunci

415 2723 471 2798 vel
492 2721 592 2796 caulia
614 2719 733 2796 faciem
758 2743 886 2795 tamum
903 2725 1034 2794 habena.
1093 2726 1146 2796 Er
1168 2730 1237 2816 ejus
1262 2718 1373 2796 sorma
1395 2741 1428 2794 et
1451 2723 1609 2795 llrudlura
1633 2719 1676 2795 ad
1703 2722 1920 2820 praesentiam
1938 2729 2047 2798 trunci

417 2825 471 2898 vel
495 2825 595 2898 caulia
620 2819 840 2910 concludere,
873 2847 909 2896 ea
938 2818 1058 2896 scilicet
1078 2845 1206 2908 rneote,
1239 2849 1303 2925 qua
1334 2824 1368 2894 bi
1401 2827 1536 2896 termini
1561 2821 1648 2922 apud
1674 2823 1813 2922 reliquae
1844 2825 1970 2924 plantae
1996 2821 2049 2898 su·

417 2946 574 3014 uruntur,
606 2951 663 2998 me
686 2922 797 2998 saltem
824 2923 950 3018 judice,
983 2949 1158 3024 perperam
1182 2920 1290 3014 foret,
1323 2949 1429 3024 quum
1455 2921 1630 2999 validiores
1651 2919 1773 2998 subsunt
1794 2934 1956 3016 ratiouea,
1994 2930 2048 3000 Lt-
2198 3009 2207 3020 ι

417 3033 537 3106 claeuea
559 3028 705 3114 acaulm,
728 3021 794 3100 ell'e
816 3045 971 3126 potenter
991 3025 1151 3104 tellauter.

429 3273 433 3286 ·
532 3221 622 3313 Quid
642 3250 701 3326 per
722 3223 861 3300 thallum
885 3219 909 3304 s.
931 3224 1071 3300 crullatn
1101 3193 1376 3309 determinatam,
1409 3216 1568 3310 effusam,
1606 3220 1801 3316 limitatam,
1840 3227 2049 3306 uniformem

418 3348 451 3404 et
472 3328 681 3429 effiguratam
699 3327 904 3402 intellectum
927 3329 1040 3412 volui,
1066 3332 1101 3400 iu
1122 3324 1290 3400 Methodo
1314 3326 1499 3400 lichenum
1522 3345 1618 3400 autea
1639 3327 1825 3430 expostum
1847 3329 1903 3406 ell.
2047 3361 2052 3376 ·

530 3529 560 3600 Ε
587 3522 691 3598 thallo
719 3521 899 3624 aliquando
921 3521 1105 3624 exsurgunt
1126 3521 1170 3598 lic
1190 3518 1278 3596 dieta
1305 3525 1461 3612 Podalia,
1494 3550 1578 3626 quae
1601 3529 1773 3626 apotlaecia
1801 3529 1931 3608 elevant
1953 3550 2052 3632 atque

280 3711 284 3720 ,
421 3655 462 3703 ex
488 3623 555 3726 ipsa
583 3625 755 3702 substantia
780 3627 870 3700 thalli
896 3625 1049 3702 ‚formata
1074 3623 1159 3700 sunt.
1217 3621 1308 3700 lnsra
1334 3629 1412 3698 baec
1440 3623 1670 3702 describuntur
1690 3635 1726 3702 in
1755 3625 2052 3726 observationibua,

421 3736 591 3806 Generum
621 3729 860 3800 charatloribua
888 3723 1087 3824 subjundlie,
1123 3755 1201 3802 uam
1233 3731 1266 3802 in
1299 3724 1433 3802 diversit
1459 3730 1642 3801 Generibua
1666 3726 1793 3802 diversa
1822 3739 2051 3812 inveniuntur.

422 3829 568 3920 Quando
586 3834 711 3903 minuta
729 3823 803 3903 sunt
823 3850 855 3902 et
869 3831 996 3928 brevia,
1023 3833 1173 3926 podieallo
1193 3829 1359 3906 dicuntur.
1413 3833 1563 3904 Nomine
1585 3827 1762 3924 pedunculi
1785 3853 1818 3907 et
1835 3837 1986 3933 pedicelli
2005 3847 2052 3914 uti

421 3931 495 4010 sere
515 3937 637 4008 invitus
658 3955 713 4004 me
732 3929 890 4016 abllinui,
914 3930 1038 4032 duplici
1062 3937 1124 4006 hac
1143 3938 1288 4017 ratione,
1313 3927 1404 4026 quod
1430 3929 1634 4029 pedunculus
1657 3931 1698 4006 atl
1726 3929 1973 4014 sullenrandum
1992 3943 2054 4016 flo-

423 4061 497 4110 rent
515 4057 546 4110 et
565 4029 713 4108 trunam
736 4031 823 4130 apud
852 4033 977 4131 plantae
1001 4038 1247 4134 plraenogamae
1277 4027 1432 4104 inserviat
1456 4051 1526 4104 cta
1552 4033 1647 4108 caule
1671 4034 1854 4136 productor
1876 4038 1933 4128 fit,
1967 4042 2051 4119 dum

424 4137 608 4234 Apothecia
633 4129 722 4234 apud
750 4138 907 4208 bichenea
926 4163 989 4210 uec
1014 4133 1134 4210 florem
1162 4151 1234 4210 nee
1249 4131 1338 4208 sorte
1363 4129 1509 4206 studium
1534 4129 1698 4226 olse'rant,
1723 4157 1757 4212 et
1776 4141 1913 4228 thallus,
1943 4169 2053 4248 aquo

394 4234 557 4339 ,podetia
585 4230 764 4335 exsurgunt
790 4257 822 4310 et
850 4232 1054 4319 sormanrur,
1088 4259 1125 4310 ut
1153 4235 1396 4334 receptaculum
1418 4260 1601 4311 commune
1624 4236 1826 4316 considerari
1851 4243 1967 4320 debeat
1991 4276 2055 4324 nee

426 4361 462 4414 ut
488 4335 600 4416 caulia.
657 4341 737 4412 Nou
762 4345 872 4431 major
900 4333 1003 4412 subell
1026 4335 1244 4415 dillindlioniu
1270 4341 1353 4410 ratio
1385 4341 1469 4410 irater
1492 4335 1719 4434 pedunculum
1745 4365 1778 4416 et
1798 4347 1972 4443 petiolum.
2023 4355 2052 4424 Α

425 4441 585 4540 slipitibus
606 4436 810 4514 Caliciorum
833 4435 958 4516 diversa
982 4435 1058 4514 suut
1080 4432 1235 4544 pedena,
1273 4463 1354 4512 uam
1382 4437 1432 4514 illi
1457 4465 1479 4512 e
1503 4447 1639 4544 propria
1670 4469 1735 4519 uec
1762 4448 1853 4524 thalli
1879 4445 2058 4528 subllaotia'

424 4547 514 4620 enati
534 4535 836 4644 deprehenduntur.

1911 4757 2057 4836 Partibua
