4466 5536
456 453 501 533 52
756 496 765 512 .
1130 459 1393 516 vtraucaure.
1417 505 1426 519 ,
2205 541 2206 586 p

455 641 616 710 contentis
639 663 741 738 usque
760 633 801 710 ad
825 634 915 710 basin
939 636 1075 710 elabitur
1098 657 1130 708 et
1153 643 1325 708 cavitatem
1345 633 1545 708 urceolstsm
1569 640 1789 733 marginalem
1810 640 1842 710 in
1862 636 1966 710 tlrsllo
1982 661 2097 710 rema·
2205 615 2206 700 l

458 761 593 812 nentcru
609 741 774 837 relinquit.
830 733 1048 811 Perirheci'um
1063 742 1198 809 interius
1219 744 1322 835 priori
1339 739 1425 808 ardlc
1444 735 1599 810 adustum
1617 733 1874 836 subge‘latinosae
1890 737 2013 812 indolis
2031 737 2097 822 esi,

457 839 517 912 illo
535 843 664 911 tenuius
688 837 821 912 dilutius
840 839 1025 912 coloratum
1043 860 1074 908 er
1089 844 1123 909 in
1143 837 1221 908 llaru
1240 835 1382 908 lrurnido
1399 833 1677 934 subdiaphauurn,
1704 833 1902 936 globosum,
1929 837 2093 932 nucleum

376 1017 380 1031 ⁸
457 938 728 1011 torumincludit.
781 939 1125 1036 Nucleusproligerus
1174 933 1325 1021 rosolus,
1352 943 1386 1008 in
1411 936 1490 1008 llatu
1509 935 1595 1010 liceo
1621 963 1691 1008 nun
1712 963 1786 1010 raro
1805 934 2007 1012 marcescens
2029 935 2092 1011 seu
2205 971 2206 1002 r

458 1039 626 1110 collabcna
639 1037 819 1136 aliquando
843 1034 1059 1112 suberancscit
1082 1059 1115 1109 et
1145 964 1282 1132 spatium
1305 1037 1449 1108 vacuuns
1472 1041 1555 1108 intra
1587 1043 1797 1134 apothecium
1820 1039 1994 1140 relinquit,
2032 1035 2096 1111 sed
2205 1105 2206 1148 q

456 1139 661 1212 burnellatus
683 1133 868 1211 intumescit
891 1157 922 1210 et
946 1157 1049 1209 totarn
1074 1142 1246 1208 cavitatem
1273 1142 1527 1234 perirlreciorum
1551 1139 1654 1234 replet
1679 1157 1776 1234 atque
1792 1139 2093 1237 aqueo·hyalinus
2205 1153 2206 1222 l

356 1317 361 1328 ,
457 1235 575 1311 evadit.
636 1239 675 1313 lu
701 1243 796 1332 hujus
823 1242 1081 1334 perenchyusate
1109 1234 1355 1334 subgclarinosu
1381 1255 1413 1312 et
1439 1237 1588 1310 Cellulac
1609 1255 1641 1308 et
1660 1235 1830 1310 Vel'rcnlae
1849 1235 2092 1322 observantur.

457 1363 578 1410 vacuae
594 1337 645 1408 vel
667 1338 844 1438 Gongylos
860 1337 1062 1411 includentes
1076 1366 1087 1424 ς
1112 1332 1165 1408 sed
1182 1358 1211 1408 ct
1228 1336 1375 1434 Gongyli
1398 1340 1555 1408 extrahas
1573 1341 1657 1409 intra
1674 1333 1881 1412 subllantiarn
1897 1339 2090 1414 nidulantes
2205 1409 2206 1444 q

457 1437 538 1512 nudi
561 1433 655 1534 sparfi
675 1460 863 1516 occurrunt.
914 1437 1063 1510 Cellulae
1080 1438 1215 1509 lineares
1236 1458 1268 1510 et
1284 1434 1477 1524 filisurmes,
1504 1434 1658 1511 vesiculas
1679 1437 1789 1511 uvales
1811 1461 1843 1509 et
1865 1435 2088 1514 subrotundas

458 1565 523 1618 urra
544 1532 624 1610 serie
637 1537 726 1635 quast
747 1557 974 1612 concatenatas
992 1534 1172 1609 secundum
1192 1537 1326 1610 cellulae
1343 1535 1587 1636 longitudinem
1606 1537 1657 1610 vel
1679 1545 1779 1612 etism
1798 1541 1971 1637 gongylos
1991 1537 2086 1615 solos
2205 1537 2206 1556 ¹

456 1634 574 1710 souenr
591 1645 683 1712 vario
705 1637 812 1712 modo
835 1646 918 1712 intra
938 1663 990 1710 eas
1009 1633 1194 1736 dispofiros.
1255 1636 1422 1712 Veficulae
1443 1640 1563 1735 absque
1586 1639 1712 1712 cellulis
1737 1637 1789 1712 vel
1811 1643 2023 1714 cohaerentes
2048 1647 2087 1716 in

456 1734 604 1812 sormam
630 1741 765 1812 monilis
794 1739 846 1810 vel
870 1765 928 1838 per
951 1744 1038 1836 paria
1064 1739 1114 1810 vel
1130 1737 1291 1812 solitariae
1312 1735 1434 1836 sparsae
1452 1760 1482 1811 et
1501 1766 1577 1810 curn
1594 1739 1754 1836 gongylis
1776 1745 1898 1812 ruixtac
1918 1767 1988 1813 non
2005 1767 2086 1816 raro
2205 1769 2206 1828 1

457 1834 681 1912 observantur.
728 1839 875 1913 Cellulae
890 1861 922 1912 et
939 1839 1105 1911 Vesrculae
1122 1845 1155 1912 in
1172 1842 1344 1935 Speciebus
1363 1839 1532 1912 minutulis
1550 1841 1621 1934 plus
1638 1847 1749 1914 miuus
1762 1843 1988 1940 perceptibiles
2005 1839 2084 1918 sunt
2205 1831 2206 1882 l

458 1959 490 2011 et
506 1962 568 2040 pro
583 1936 709 2014 diversa
724 1961 825 2014 aercte
842 1936 973 2035 subjedli
994 1946 1093 2013 etiarn
1114 1947 1258 2028 variant,
1285 1939 1452 2014 interdurn
1470 1939 1638 2016 deficiunt.

390 2249 400 2262 ,
563 2161 609 2238 ln
631 2161 708 2234 slatu
735 2159 881 2259 persedio
903 2156 957 2234 seu
984 2157 1241 2248 naturalillimo,
1268 2157 1506 2262 nequando
1534 2159 1668 2236 nucleus
1688 2166 1940 2264 apotheciorum
1966 2160 2082 2238 made-
2205 2161 2206 2166 ’

457 2257 561 2336 fadus
586 2260 789 2346 intumescit,
824 2262 878 2354 (id
898 2265 988 2362 quod
1012 2269 1077 2334 cito
1104 2264 1157 2352 fit)
1178 2285 1208 2334 et
1230 2271 1349 2334 cavitas
1375 2269 1541 2362 peritlrecii
1562 2266 1725 2338 interioris
1745 2269 1842 2338 hscce
1857 2261 1956 2339 massa
1975 2265 2081 2364 pellu·
2205 2281 2206 2340 i

458 2365 531 2436 cida
554 2365 714 2464 repletur,
742 2363 979 2439 examinandae
995 2358 1065 2437 suot
1081 2369 1359 2437 Verrucariae
1383 2360 1513 2460 specics.
1567 2370 1653 2438 Nam
1669 2363 1886 2438 exsrccatione
1908 2365 2079 2438 dellruuu·
2205 2395 2206 2428 1

459 2484 511 2538 tur
525 2487 558 2538 et
573 2463 770 2538 evanescunt
789 2487 854 2538 tam
871 2465 1020 2538 Cellulae
1034 2491 1134 2564 quent
1150 2463 1338 2554 vesse-ulae,
1367 2461 1584 2563 superllitilsus
1605 2485 1731 2538 tontum
1747 2467 1922 2564 Gongylis.
1975 2469 2012 2538 ln
2031 2461 2080 2538 se·

458 2560 661 2639 nescenribus
675 2572 851 2667 apotheciis
867 2571 1010 2640 omniuo
1027 2571 1123 2638 etiarn
1143 2562 1363 2640 desiderantur
1382 2565 1518 2637 cellulae
1538 2587 1570 2637 et
1591 2563 1769 2658 veficulae,
1796 2587 1829 2640 er
1853 2587 1980 2668 praeter
1994 2591 2082 2666 gon·
2205 2565 2206 2640 l

456 2667 554 2768 gylos
577 2669 707 2744 residos
725 2667 765 2742 ad
786 2673 943 2770 parietem
962 2672 1131 2739 internum
1151 2665 1267 2740 affixos
1285 2673 1370 2740 intus
1391 2670 1499 2740 inania
1512 2662 1597 2746 suns.

568 2897 656 2966 lutra
681 2918 786 2967 unum
813 2887 968 2990 idemque
991 2893 1204 2986 perithecium
1228 2909 1400 2964 externum
1430 2886 1608 2988 aliquando
1633 2886 1722 2979 duo,
1757 2893 1863 2962 immo
1884 2901 1948 2960 nea
1965 2881 2078 2962 obser·
2205 2871 2206 2940 ἶ

454 2999 571 3067 saritur
590 2995 697 3067 nuclei
718 2991 858 3064 dillirrc‘li
880 2993 1058 3089 perirbecio
1081 2995 1217 3088 proprio
1238 2996 1368 3064 iureruo
1389 2992 1536 3066 obdunt.
1596 2987 1856 3080 similitudinem
1877 2984 1977 3062 ulsert
1997 2993 2078 3063 haec
2205 2999 2206 3018 ¹

410 3107 413 3118 '
456 3091 642 3170 monllrosa
661 3092 861 3193 compositio
876 3119 952 3164 curu
972 3095 1034 3165 Tr
1043 3092 1234 3190 yperbeli
1247 3098 1290 3164 is.

566 3293 709 3370 Nucleus
727 3321 804 3367 curn
819 3295 998 3391 perithecio
1012 3297 1159 3364 interiori
1178 3315 1247 3363 uon
1268 3309 1394 3362 tantum
1412 3293 1446 3362 ira
1465 3283 1536 3387 ipso
1554 3307 1668 3362 centro
1692 3291 1853 3388 aporlsecii
1875 3289 1998 3362 locatus
2017 3285 2074 3372 en,

453 3391 709 3597 {egpqldpqqrfis
726 3393 891 3496 speciebus
909 3391 1070 3466 modoad
1088 3389 1176 3465 basru
1196 3389 1302 3468 modo
1325 3385 1432 3468 versus
1451 3391 1608 3465 olliolum
1630 3389 1853 3492 quaerendus,
1885 3411 1920 3462 ut
1943 3393 1978 3462 in
1998 3393 2074 3462 En·

354 3811 359 3820 ,
567 3719 748 3794 Perithecio
770 3714 892 3816 duplici
915 3735 947 3790 et
968 3713 1113 3790 seliculis
1140 3719 1360 3792 concatenatis
1379 3717 1419 3789 ab
1441 3717 1597 3790 omnibus
1617 3714 1768 3789 affinibus
1790 3715 1972 3789 Genecilsus
1987 3716 2072 3788 bene

454 3817 701 3922 distinguuntur
718 3823 998 3892 Verrucsriae
1019 3837 1051 3888 ct
1070 3823 1104 3890 in
1125 3811 1228 3914 specie
1249 3845 1266 3888 a
1287 3823 1430 3892 maxime
1450 3822 1598 3915 cognatis
1618 3819 1712 3907 Try
1726 3816 1933 3913 petheliis
1952 3837 1982 3888 et
1999 3821 2070 3906 Py·

452 3923 640 4011 renulise
666 3919 719 3994 sed
743 3939 905 4016 praeterea
925 3921 967 3991 ab
986 3917 1070 4004 illia,
1095 3918 1255 3992 thelamiis
1275 3915 1422 3992 solitariis
1441 3921 1556 4004 nudis,
1587 3922 1750 3992 necinus
1771 3923 1980 4018 apothecium
2001 3941 2071 3988 ver·
2205 3947 2206 3956 ¹

451 4021 635 4102 recisorme
650 4021 800 4108 inclusis,
823 4041 919 4120 atque
936 4021 977 4092 ab
995 4023 1080 4104 llis,
1105 4021 1269 4094 thalansiis
1288 4019 1407 4105 nudis,
1432 4047 1494 4094 nec
1512 4025 1595 4092 intra
1617 4044 1767 4092 verrucas
1788 4045 1807 4092 a
1829 4019 1931 4092 tlrallo
1945 4013 2069 4088 sorma-
2205 4031 2206 4112 i

452 4147 498 4199 tas
524 4129 671 4224 receptis.
742 4127 791 4198 trb
818 4119 1084 4221 Endoearpis
1106 4117 1267 4196 differunt
1284 4127 1463 4221 perirlrecio
1487 4118 1637 4217 duplici,
1673 4124 1827 4192 exteriori
1853 4116 1957 4190 crasso
1982 4116 2068 4188 duco
2205 4129 2206 4178 l

453 4251 579 4320 opaco,
605 4231 697 4326 apice
714 4229 807 4320 liujus
827 4225 1003 4323 papillam,
1032 4221 1140 4296 forma
1162 4224 1356 4298 cellularum
1369 4219 1516 4309 diversa,
1536 4214 1717 4320 praesentia
1737 4241 1770 4293 et
1784 4217 1997 4319 dispostione
2019 4243 2070 4290 vc·

451 4327 648 4412 ficulneum,
674 4355 736 4400 nec
757 4353 827 4400 nors
844 4327 933 4398 thalli
958 4325 1081 4398 habitu.

563 4557 689 4627 Earum
702 4569 830 4624 tentum
848 4544 1029 4649 specierum
1046 4549 1235 4642 apothecis,
1261 4571 1344 4646 quae
1364 4553 1488 4640 maiora
1514 4543 1586 4620 lout
1607 4543 1664 4620 suls
1685 4541 1911 4646 microscopiis
1930 4567 2069 4642 conspo-

450 4652 517 4730 ficia
540 4655 652 4731 exacte
673 4656 854 4728 examinari
875 4645 1026 4752 possunt3
1050 4643 1163 4724 saltem
1188 4652 1273 4722 milti
1293 4673 1366 4722 non
1386 4644 1530 4724 successit
1548 4656 1584 4724 in
1603 4650 1796 4726 drudorum
1811 4655 1979 4820 internanp
1989 4671 2067 4764 apo·

1944 4769 1956 4820 r
1982 4771 2070 4820 ecro-
