<?xml version="1.0" encoding="UTF-8"?>
<!DOCTYPE html PUBLIC "-//W3C//DTD XHTML 1.0 Transitional//EN"
    "http://www.w3.org/TR/xhtml1/DTD/xhtml1-transitional.dtd">
<html xmlns="http://www.w3.org/1999/xhtml" xml:lang="en" lang="en">
 <head>
  <title>
</title>
<meta http-equiv="Content-Type" content="text/html;charset=utf-8" />
  <meta name='ocr-system' content='tesseract 3.04.00' />
  <meta name='ocr-capabilities' content='ocr_page ocr_carea ocr_par ocr_line ocrx_word'/>
</head>
<body>
  <div class='ocr_page' id='page_1' title='image "./lichenographiau00achagoog_0080.png"; bbox 0 0 4466 5536; ppageno 0'>
   <div class='ocr_carea' id='block_1_1' title="bbox 430 1019 1494 1334">
    <p class='ocr_par' dir='ltr' id='par_1_1' title="bbox 430 1019 1494 1334">
     <span class='ocr_line' id='line_1_1' title="bbox 778 1019 1131 1099; baseline 0.023 -8"><span class='ocrx_word' id='word_1_1' title='bbox 778 1019 1131 1099; x_wconf 69' lang='lat' dir='ltr'>GENUS‘XII.</span> 
     </span>
     <span class='ocr_line' id='line_1_2' title="bbox 430 1193 1494 1334; baseline 0.003 -7"><span class='ocrx_word' id='word_1_2' title='bbox 430 1193 1494 1334; x_wconf 67' lang='lat' dir='ltr'>uun‘ocnnnou.</span> 
     </span>
    </p>
   </div>
   <div class='ocr_carea' id='block_1_2' title="bbox 747 1487 1180 1518">
    <p class='ocr_par' dir='ltr' id='par_1_2' title="bbox 747 1487 1180 1518">
     <span class='ocr_line' id='line_1_3' title="bbox 747 1487 1180 1518; baseline -0.002 0"><span class='ocrx_word' id='word_1_3' title='bbox 747 1487 1180 1518; x_wconf 54' lang='lat' dir='ltr'>w·-</span> 
     </span>
    </p>
   </div>
   <div class='ocr_carea' id='block_1_3' title="bbox 477 1627 1262 1766">
    <p class='ocr_par' dir='ltr' id='par_1_3' title="bbox 477 1627 1262 1766">
     <span class='ocr_line' id='line_1_4' title="bbox 477 1627 1262 1766; baseline -0.006 -14"><span class='ocrx_word' id='word_1_4' title='bbox 477 1743 482 1752; x_wconf 91' lang='lat'><em>.</em></span> <span class='ocrx_word' id='word_1_5' title='bbox 608 1627 923 1766; x_wconf 47' lang='lat' dir='ltr'>[Cbnrndler</span> <span class='ocrx_word' id='word_1_6' title='bbox 972 1671 1262 1748; x_wconf 81' lang='lat' dir='ltr'>Naturalia.</span> 
     </span>
    </p>
   </div>
   <div class='ocr_carea' id='block_1_4' title="bbox 153 1812 1765 2218">
    <p class='ocr_par' dir='ltr' id='par_1_4' title="bbox 153 1812 1765 2218">
     <span class='ocr_line' id='line_1_5' title="bbox 153 1812 1765 1919; baseline 0.001 -25"><span class='ocrx_word' id='word_1_7' title='bbox 153 1825 392 1896; x_wconf 80' lang='lat' dir='ltr'>Arornrcrun</span> <span class='ocrx_word' id='word_1_8' title='bbox 403 1812 605 1918; x_wconf 78' lang='lat' dir='ltr'>globosum,</span> <span class='ocrx_word' id='word_1_9' title='bbox 632 1818 918 1913; x_wconf 73' lang='lat' dir='ltr'>challoa&#39;nclusnm</span> <span class='ocrx_word' id='word_1_10' title='bbox 934 1849 953 1894; x_wconf 88' lang='lat' dir='ltr'>e</span> <span class='ocrx_word' id='word_1_11' title='bbox 969 1821 1125 1896; x_wconf 85' lang='lat' dir='ltr'>tiralarnio</span> <span class='ocrx_word' id='word_1_12' title='bbox 1142 1817 1287 1892; x_wconf 83' lang='lat' dir='ltr'>solitario</span> <span class='ocrx_word' id='word_1_13' title='bbox 1307 1819 1531 1919; x_wconf 86' lang='lat' dir='ltr'>compositum</span> <span class='ocrx_word' id='word_1_14' title='bbox 1540 1849 1554 1916; x_wconf 84' lang='lat'>3</span> <span class='ocrx_word' id='word_1_15' title='bbox 1590 1824 1765 1898; x_wconf 72' lang='lat' dir='ltr'>Perilletio</span> 
     </span>
     <span class='ocr_line' id='line_1_6' title="bbox 252 1915 1762 2021; baseline 0 -27"><span class='ocrx_word' id='word_1_16' title='bbox 252 1919 394 2018; x_wconf 74' lang='lat' dir='ltr'>simplici</span> <span class='ocrx_word' id='word_1_17' title='bbox 417 1923 507 1991; x_wconf 88' lang='lat' dir='ltr'>tenui</span> <span class='ocrx_word' id='word_1_18' title='bbox 535 1915 849 1995; x_wconf 82' lang='lat' dir='ltr'>submembranaceo</span> <span class='ocrx_word' id='word_1_19' title='bbox 875 1921 1061 2020; x_wconf 80' lang='lat' dir='ltr'><strong>pellucido,</strong></span> <span class='ocrx_word' id='word_1_20' title='bbox 1088 1919 1128 1992; x_wconf 87' lang='lat' dir='ltr'>nd</span> <span class='ocrx_word' id='word_1_21' title='bbox 1154 1917 1357 2018; x_wconf 87' lang='lat' dir='ltr'>superficiem</span> <span class='ocrx_word' id='word_1_22' title='bbox 1379 1923 1469 1996; x_wconf 84' lang='lat' dir='ltr'>thalli</span> <span class='ocrx_word' id='word_1_23' title='bbox 1493 1923 1614 1996; x_wconf 87' lang='lat' dir='ltr'>olliolo</span> <span class='ocrx_word' id='word_1_24' title='bbox 1641 1927 1762 2021; x_wconf 81' lang='lat' dir='ltr'>margi·</span> 
     </span>
     <span class='ocr_line' id='line_1_7' title="bbox 254 2017 1761 2123; baseline 0.002 -29"><span class='ocrx_word' id='word_1_25' title='bbox 254 2042 334 2094; x_wconf 88' lang='lat' dir='ltr'>nato</span> <span class='ocrx_word' id='word_1_26' title='bbox 351 2019 436 2093; x_wconf 91' lang='lat' dir='ltr'>duro</span> <span class='ocrx_word' id='word_1_27' title='bbox 454 2041 524 2091; x_wconf 90' lang='lat' dir='ltr'>atro</span> <span class='ocrx_word' id='word_1_28' title='bbox 543 2019 679 2092; x_wconf 89' lang='lat' dir='ltr'>demum</span> <span class='ocrx_word' id='word_1_29' title='bbox 696 2029 918 2117; x_wconf 83' lang='lat' dir='ltr'><strong>prominente,</strong></span> <span class='ocrx_word' id='word_1_30' title='bbox 936 2027 1084 2097; x_wconf 78' lang='lat' dir='ltr'>Noricum</span> <span class='ocrx_word' id='word_1_31' title='bbox 1102 2042 1208 2093; x_wconf 90' lang='lat' dir='ltr'>totum</span> <span class='ocrx_word' id='word_1_32' title='bbox 1220 2017 1425 2112; x_wconf 87' lang='lat' dir='ltr'>includente;</span> <span class='ocrx_word' id='word_1_33' title='bbox 1447 2027 1689 2123; x_wconf 78' lang='lat' dir='ltr'>parencltytnote</span> <span class='ocrx_word' id='word_1_34' title='bbox 1701 2048 1761 2098; x_wconf 87' lang='lat' dir='ltr'>nu·</span> 
     </span>
     <span class='ocr_line' id='line_1_8' title="bbox 254 2115 1251 2218; baseline -0.002 -22"><span class='ocrx_word' id='word_1_35' title='bbox 254 2123 317 2196; x_wconf 82' lang='lat' dir='ltr'>clei</span> <span class='ocrx_word' id='word_1_36' title='bbox 330 2115 573 2218; x_wconf 79' lang='lat' dir='ltr'>subgelarinoso</span> <span class='ocrx_word' id='word_1_37' title='bbox 591 2119 726 2195; x_wconf 81' lang='lat' dir='ltr'>fimilati</span> <span class='ocrx_word' id='word_1_38' title='bbox 745 2123 768 2196; x_wconf 93' lang='lat' dir='ltr'>l.</span> <span class='ocrx_word' id='word_1_39' title='bbox 789 2117 1025 2197; x_wconf 85' lang='lat' dir='ltr'>subcelluloso·</span> <span class='ocrx_word' id='word_1_40' title='bbox 1037 2119 1251 2196; x_wconf 77' lang='lat' dir='ltr'>vesiculiseto.</span> 
     </span>
    </p>
   </div>
   <div class='ocr_carea' id='block_1_5' title="bbox 251 2221 1764 2460">
    <p class='ocr_par' dir='ltr' id='par_1_5' title="bbox 251 2221 1764 2460">
     <span class='ocr_line' id='line_1_9' title="bbox 254 2221 1764 2344; baseline 0.002 -24"><span class='ocrx_word' id='word_1_41' title='bbox 254 2247 400 2344; x_wconf 81' lang='lat' dir='ltr'>Gongyli</span> <span class='ocrx_word' id='word_1_42' title='bbox 415 2251 498 2318; x_wconf 85' lang='lat' dir='ltr'>intra</span> <span class='ocrx_word' id='word_1_43' title='bbox 519 2239 726 2317; x_wconf 80' lang='lat' dir='ltr'>substantiam</span> <span class='ocrx_word' id='word_1_44' title='bbox 749 2221 858 2318; x_wconf 85' lang='lat' dir='ltr'>nuclei</span> <span class='ocrx_word' id='word_1_45' title='bbox 881 2246 1064 2320; x_wconf 83' lang='lat' dir='ltr'>nidulanter</span> <span class='ocrx_word' id='word_1_46' title='bbox 1087 2246 1195 2319; x_wconf 88' lang='lat' dir='ltr'>nuclei</span> <span class='ocrx_word' id='word_1_47' title='bbox 1215 2237 1332 2344; x_wconf 80' lang='lat' dir='ltr'>sparfi,</span> <span class='ocrx_word' id='word_1_48' title='bbox 1358 2253 1461 2322; x_wconf 76' lang='lat' dir='ltr'>rarius</span> <span class='ocrx_word' id='word_1_49' title='bbox 1482 2247 1579 2324; x_wconf 88' lang='lat' dir='ltr'>simul</span> <span class='ocrx_word' id='word_1_50' title='bbox 1596 2253 1682 2324; x_wconf 82' lang='lat' dir='ltr'>intra</span> <span class='ocrx_word' id='word_1_51' title='bbox 1700 2248 1764 2324; x_wconf 87' lang='lat' dir='ltr'>cel·</span> 
     </span>
     <span class='ocr_line' id='line_1_10' title="bbox 251 2343 1390 2460; baseline 0.002 -44"><span class='ocrx_word' id='word_1_52' title='bbox 251 2343 355 2433; x_wconf 83' lang='lat' dir='ltr'>lular,</span> <span class='ocrx_word' id='word_1_53' title='bbox 381 2343 530 2418; x_wconf 72' lang='lat' dir='ltr'>massulas</span> <span class='ocrx_word' id='word_1_54' title='bbox 547 2343 927 2460; x_wconf 59' lang='lat' dir='ltr'>oblongas‘resetenter,</span> <span class='ocrx_word' id='word_1_55' title='bbox 954 2353 1159 2450; x_wconf 83' lang='lat' dir='ltr'>congregati.</span> <span class='ocrx_word' id='word_1_56' title='bbox 1387 2361 1390 2366; x_wconf 72' lang='grc'>“</span> 
     </span>
    </p>
   </div>
   <div class='ocr_carea' id='block_1_6' title="bbox 154 2467 1763 2671">
    <p class='ocr_par' dir='ltr' id='par_1_6' title="bbox 154 2467 1763 2671">
     <span class='ocr_line' id='line_1_11' title="bbox 154 2467 1763 2570; baseline 0.002 -25"><span class='ocrx_word' id='word_1_57' title='bbox 154 2473 325 2546; x_wconf 79' lang='lat' dir='ltr'>Tnnucus</span> <span class='ocrx_word' id='word_1_58' title='bbox 347 2471 527 2545; x_wconf 78' lang='lat' dir='ltr'>crullareue</span> <span class='ocrx_word' id='word_1_59' title='bbox 554 2467 731 2546; x_wconf 82' lang='lat' dir='ltr'>unisormis</span> <span class='ocrx_word' id='word_1_60' title='bbox 762 2469 1016 2566; x_wconf 81' lang='lat' dir='ltr'>determinatus,</span> <span class='ocrx_word' id='word_1_61' title='bbox 1050 2473 1103 2545; x_wconf 88' lang='lat' dir='ltr'>vel</span> <span class='ocrx_word' id='word_1_62' title='bbox 1133 2467 1421 2570; x_wconf 82' lang='lat' dir='ltr'>subccrtilagineus</span> <span class='ocrx_word' id='word_1_63' title='bbox 1446 2471 1637 2570; x_wconf 76' lang='lat' dir='ltr'>effiguratos</span> <span class='ocrx_word' id='word_1_64' title='bbox 1665 2471 1763 2550; x_wconf 87' lang='lat' dir='ltr'>solia·</span> 
     </span>
     <span class='ocr_line' id='line_1_12' title="bbox 250 2597 402 2671; baseline 0.013 -26"><span class='ocrx_word' id='word_1_65' title='bbox 250 2597 402 2671; x_wconf 71' lang='lat' dir='ltr'>cousque.</span> 
     </span>
    </p>
   </div>
   <div class='ocr_carea' id='block_1_7' title="bbox 668 2749 1226 2770">
    <p class='ocr_par' dir='ltr' id='par_1_7' title="bbox 668 2749 1226 2770">
     <span class='ocr_line' id='line_1_13' title="bbox 668 2749 1226 2770; baseline 0.009 -6"><span class='ocrx_word' id='word_1_66' title='bbox 668 2749 1226 2770; x_wconf 55' lang='lat' dir='ltr'>m</span> 
     </span>
    </p>
   </div>
   <div class='ocr_carea' id='block_1_8' title="bbox 735 2880 1321 3006">
    <p class='ocr_par' dir='ltr' id='par_1_8' title="bbox 735 2880 1321 3006">
     <span class='ocr_line' id='line_1_14' title="bbox 735 2880 1321 3006; baseline 0.003 -6"><span class='ocrx_word' id='word_1_67' title='bbox 735 2880 1164 3006; x_wconf 66' lang='lat' dir='ltr'>Observrlionerss</span> <span class='ocrx_word' id='word_1_68' title='bbox 1317 2992 1321 3002; x_wconf 80' lang='grc'><strong>.</strong></span> 
     </span>
    </p>
   </div>
   <div class='ocr_carea' id='block_1_9' title="bbox 145 3066 1790 4796">
    <p class='ocr_par' dir='ltr' id='par_1_9' title="bbox 145 3066 1790 4796">
     <span class='ocr_line' id='line_1_15' title="bbox 236 3066 1763 3178; baseline 0.005 -30"><span class='ocrx_word' id='word_1_69' title='bbox 236 3094 289 3148; x_wconf 84' lang='lat' dir='ltr'>ota</span> <span class='ocrx_word' id='word_1_70' title='bbox 311 3069 383 3148; x_wconf 87' lang='lat' dir='ltr'>sere</span> <span class='ocrx_word' id='word_1_71' title='bbox 406 3076 489 3144; x_wconf 86' lang='lat' dir='ltr'>intra</span> <span class='ocrx_word' id='word_1_72' title='bbox 512 3066 720 3146; x_wconf 88' lang='lat' dir='ltr'>subllantiam</span> <span class='ocrx_word' id='word_1_73' title='bbox 741 3077 832 3149; x_wconf 85' lang='lat' dir='ltr'>thalli</span> <span class='ocrx_word' id='word_1_74' title='bbox 850 3073 971 3150; x_wconf 84' lang='lat' dir='ltr'>inclusa</span> <span class='ocrx_word' id='word_1_75' title='bbox 992 3075 1206 3151; x_wconf 81' lang='lat' dir='ltr'>observantur</span> <span class='ocrx_word' id='word_1_76' title='bbox 1233 3081 1328 3174; x_wconf 80' lang='lat' dir='ltr'>bnjns</span> <span class='ocrx_word' id='word_1_77' title='bbox 1349 3078 1484 3152; x_wconf 72' lang='lat' dir='ltr'>Generis</span> <span class='ocrx_word' id='word_1_78' title='bbox 1510 3082 1713 3178; x_wconf 78' lang='lat' dir='ltr'>Apothecia,</span> <span class='ocrx_word' id='word_1_79' title='bbox 1743 3107 1763 3155; x_wconf 81' lang='lat' dir='ltr'>e</span> 
     </span>
     <span class='ocr_line' id='line_1_16' title="bbox 259 3173 1761 3278; baseline 0.003 -30"><span class='ocrx_word' id='word_1_80' title='bbox 259 3179 442 3248; x_wconf 86' lang='lat' dir='ltr'>Peritbecio</span> <span class='ocrx_word' id='word_1_81' title='bbox 460 3177 549 3246; x_wconf 83' lang='lat' dir='ltr'>tenui</span> <span class='ocrx_word' id='word_1_82' title='bbox 569 3173 735 3270; x_wconf 82' lang='lat' dir='ltr'>pellucido</span> <span class='ocrx_word' id='word_1_83' title='bbox 753 3173 918 3248; x_wconf 83' lang='lat' dir='ltr'>interdum</span> <span class='ocrx_word' id='word_1_84' title='bbox 938 3184 991 3249; x_wconf 85' lang='lat' dir='ltr'>vix</span> <span class='ocrx_word' id='word_1_85' title='bbox 1011 3181 1211 3277; x_wconf 81' lang='lat' dir='ltr'>perceptibili</span> <span class='ocrx_word' id='word_1_86' title='bbox 1229 3201 1324 3278; x_wconf 80' lang='lat' dir='ltr'>atque</span> <span class='ocrx_word' id='word_1_87' title='bbox 1339 3179 1469 3252; x_wconf 89' lang='lat' dir='ltr'>Nucleo</span> <span class='ocrx_word' id='word_1_88' title='bbox 1489 3181 1671 3278; x_wconf 84' lang='lat' dir='ltr'>pnoligero,</span> <span class='ocrx_word' id='word_1_89' title='bbox 1694 3185 1761 3254; x_wconf 83' lang='lat' dir='ltr'>hoc</span> 
     </span>
     <span class='ocr_line' id='line_1_17' title="bbox 153 3271 1775 3374; baseline 0.002 -24"><span class='ocrx_word' id='word_1_90' title='bbox 153 3295 248 3350; x_wconf 86' lang='lat' dir='ltr'>totum</span> <span class='ocrx_word' id='word_1_91' title='bbox 264 3275 411 3374; x_wconf 79' lang='lat' dir='ltr'>replente</span> <span class='ocrx_word' id='word_1_92' title='bbox 431 3271 622 3368; x_wconf 80' lang='lat' dir='ltr'>composita.</span> <span class='ocrx_word' id='word_1_93' title='bbox 684 3281 909 3366; x_wconf 85' lang='lat' dir='ltr'>Parenchyma</span> <span class='ocrx_word' id='word_1_94' title='bbox 929 3283 963 3348; x_wconf 90' lang='lat' dir='ltr'>in</span> <span class='ocrx_word' id='word_1_95' title='bbox 985 3283 1162 3374; x_wconf 85' lang='lat' dir='ltr'>apotheciis</span> <span class='ocrx_word' id='word_1_96' title='bbox 1181 3283 1382 3371; x_wconf 77' lang='lat' dir='ltr'>junioribus,</span> <span class='ocrx_word' id='word_1_97' title='bbox 1409 3285 1491 3352; x_wconf 87' lang='lat' dir='ltr'>intra</span> <span class='ocrx_word' id='word_1_98' title='bbox 1508 3281 1599 3352; x_wconf 87' lang='lat' dir='ltr'>tltalli</span> <span class='ocrx_word' id='word_1_99' title='bbox 1616 3271 1775 3354; x_wconf 55' lang='lat' dir='ltr'>substan?</span> 
     </span>
     <span class='ocr_line' id='line_1_18' title="bbox 153 3370 1790 3476; baseline 0.004 -28"><span class='ocrx_word' id='word_1_100' title='bbox 153 3383 221 3450; x_wconf 81' lang='lat' dir='ltr'>nam</span> <span class='ocrx_word' id='word_1_101' title='bbox 237 3375 456 3450; x_wconf 84' lang='lat' dir='ltr'>medullarem</span> <span class='ocrx_word' id='word_1_102' title='bbox 470 3379 544 3444; x_wconf 76' lang='lat' dir='ltr'>totis</span> <span class='ocrx_word' id='word_1_103' title='bbox 559 3370 775 3460; x_wconf 74' lang='lat' dir='ltr'>absconditis,</span> <span class='ocrx_word' id='word_1_104' title='bbox 807 3371 948 3450; x_wconf 77' lang='lat' dir='ltr'>limilate</span> <span class='ocrx_word' id='word_1_105' title='bbox 970 3383 1026 3452; x_wconf 87' lang='lat' dir='ltr'>esl.</span> <span class='ocrx_word' id='word_1_106' title='bbox 1084 3384 1266 3476; x_wconf 80' lang='lat' dir='ltr'>Temporis</span> <span class='ocrx_word' id='word_1_107' title='bbox 1288 3377 1423 3453; x_wconf 87' lang='lat' dir='ltr'>decursu</span> <span class='ocrx_word' id='word_1_108' title='bbox 1442 3383 1612 3476; x_wconf 89' lang='lat' dir='ltr'>apothecia</span> <span class='ocrx_word' id='word_1_109' title='bbox 1632 3379 1756 3454; x_wconf 83' lang='lat' dir='ltr'>inclusa</span> <span class='ocrx_word' id='word_1_110' title='bbox 1787 3393 1790 3400; x_wconf 87' lang='grc'><strong>’</strong></span> 
     </span>
     <span class='ocr_line' id='line_1_19' title="bbox 153 3472 1760 3578; baseline 0.007 -32"><span class='ocrx_word' id='word_1_111' title='bbox 153 3472 248 3551; x_wconf 81' lang='lat' dir='ltr'>versor</span> <span class='ocrx_word' id='word_1_112' title='bbox 270 3474 479 3576; x_wconf 82' lang='lat' dir='ltr'>superficiem</span> <span class='ocrx_word' id='word_1_113' title='bbox 504 3474 594 3546; x_wconf 88' lang='lat' dir='ltr'>thalli</span> <span class='ocrx_word' id='word_1_114' title='bbox 615 3503 755 3573; x_wconf 87' lang='lat' dir='ltr'>pronam</span> <span class='ocrx_word' id='word_1_115' title='bbox 775 3484 882 3573; x_wconf 79' lang='lat' dir='ltr'>magis</span> <span class='ocrx_word' id='word_1_116' title='bbox 904 3485 1074 3578; x_wconf 73' lang='lat' dir='ltr'>magisque</span> <span class='ocrx_word' id='word_1_117' title='bbox 1095 3477 1313 3566; x_wconf 77' lang='lat' dir='ltr'>adscendunt,</span> <span class='ocrx_word' id='word_1_118' title='bbox 1341 3479 1619 3554; x_wconf 79' lang='lat' dir='ltr'>thalli&#39;subslantic</span> <span class='ocrx_word' id='word_1_119' title='bbox 1640 3489 1673 3555; x_wconf 92' lang='lat' dir='ltr'>in</span> <span class='ocrx_word' id='word_1_120' title='bbox 1694 3487 1760 3557; x_wconf 85' lang='lat' dir='ltr'>hoc</span> 
     </span>
     <span class='ocr_line' id='line_1_20' title="bbox 153 3571 1760 3678; baseline 0.004 -28"><span class='ocrx_word' id='word_1_121' title='bbox 153 3576 220 3651; x_wconf 89' lang='lat' dir='ltr'>loco</span> <span class='ocrx_word' id='word_1_122' title='bbox 241 3577 387 3652; x_wconf 74' lang='lat' dir='ltr'>elevetur</span> <span class='ocrx_word' id='word_1_123' title='bbox 406 3597 438 3648; x_wconf 85' lang='lat' dir='ltr'>er</span> <span class='ocrx_word' id='word_1_124' title='bbox 454 3571 623 3648; x_wconf 74' lang='lat' dir='ltr'>saturatior</span> <span class='ocrx_word' id='word_1_125' title='bbox 649 3581 747 3652; x_wconf 77' lang='lat' dir='ltr'>tincta</span> <span class='ocrx_word' id='word_1_126' title='bbox 772 3578 880 3650; x_wconf 85' lang='lat' dir='ltr'>evadit</span> <span class='ocrx_word' id='word_1_127' title='bbox 901 3585 947 3650; x_wconf 89' lang='lat' dir='ltr'>uti</span> <span class='ocrx_word' id='word_1_128' title='bbox 971 3587 1069 3663; x_wconf 85' lang='lat' dir='ltr'>etiam</span> <span class='ocrx_word' id='word_1_129' title='bbox 1090 3576 1258 3654; x_wconf 76' lang='lat' dir='ltr'>summitas</span> <span class='ocrx_word' id='word_1_130' title='bbox 1280 3586 1450 3678; x_wconf 80' lang='lat' dir='ltr'>peritbacii</span> <span class='ocrx_word' id='word_1_131' title='bbox 1466 3584 1644 3658; x_wconf 79' lang='lat' dir='ltr'>elevationi</span> <span class='ocrx_word' id='word_1_132' title='bbox 1667 3584 1760 3659; x_wconf 76' lang='lat' dir='ltr'>thalli</span> 
     </span>
     <span class='ocr_line' id='line_1_21' title="bbox 152 3675 1761 3784; baseline 0.007 -36"><span class='ocrx_word' id='word_1_133' title='bbox 152 3675 355 3775; x_wconf 82' lang='lat' dir='ltr'>respondem.</span> <span class='ocrx_word' id='word_1_134' title='bbox 406 3681 556 3751; x_wconf 84' lang='lat' dir='ltr'>Demum</span> <span class='ocrx_word' id='word_1_135' title='bbox 582 3703 659 3752; x_wconf 90' lang='lat' dir='ltr'>cum</span> <span class='ocrx_word' id='word_1_136' title='bbox 680 3675 846 3750; x_wconf 78' lang='lat' dir='ltr'>substantia</span> <span class='ocrx_word' id='word_1_137' title='bbox 873 3681 1019 3752; x_wconf 89' lang='lat' dir='ltr'>corticali</span> <span class='ocrx_word' id='word_1_138' title='bbox 1042 3683 1133 3770; x_wconf 83' lang='lat' dir='ltr'>thalli</span> <span class='ocrx_word' id='word_1_139' title='bbox 1151 3679 1329 3754; x_wconf 83' lang='lat' dir='ltr'>concrescit</span> <span class='ocrx_word' id='word_1_140' title='bbox 1349 3685 1467 3756; x_wconf 81' lang='lat' dir='ltr'>islbaec</span> <span class='ocrx_word' id='word_1_141' title='bbox 1485 3678 1656 3757; x_wconf 76' lang='lat' dir='ltr'>summitur</span> <span class='ocrx_word' id='word_1_142' title='bbox 1677 3691 1761 3784; x_wconf 85' lang='lat' dir='ltr'>peri·</span> 
     </span>
     <span class='ocr_line' id='line_1_22' title="bbox 149 3777 1761 3884; baseline 0.001 -34"><span class='ocrx_word' id='word_1_143' title='bbox 149 3782 236 3851; x_wconf 86' lang='lat' dir='ltr'>tbecii</span> <span class='ocrx_word' id='word_1_144' title='bbox 251 3787 322 3874; x_wconf 81' lang='lat' dir='ltr'>jam</span> <span class='ocrx_word' id='word_1_145' title='bbox 335 3781 471 3874; x_wconf 76' lang='lat' dir='ltr'>opacior</span> <span class='ocrx_word' id='word_1_146' title='bbox 490 3799 522 3849; x_wconf 85' lang='lat' dir='ltr'>et</span> <span class='ocrx_word' id='word_1_147' title='bbox 542 3785 637 3878; x_wconf 78' lang='lat' dir='ltr'>nigre</span> <span class='ocrx_word' id='word_1_148' title='bbox 661 3777 742 3853; x_wconf 72' lang='lat' dir='ltr'>facia</span> <span class='ocrx_word' id='word_1_149' title='bbox 767 3781 953 3878; x_wconf 84' lang='lat' dir='ltr'>ultimoque</span> <span class='ocrx_word' id='word_1_150' title='bbox 975 3779 1193 3880; x_wconf 77' lang='lat' dir='ltr'>persoramr,¹</span> <span class='ocrx_word' id='word_1_151' title='bbox 1206 3805 1303 3880; x_wconf 86' lang='lat' dir='ltr'>atque</span> <span class='ocrx_word' id='word_1_152' title='bbox 1321 3790 1356 3854; x_wconf 88' lang='lat' dir='ltr'>in</span> <span class='ocrx_word' id='word_1_153' title='bbox 1383 3781 1552 3879; x_wconf 77' lang='lat' dir='ltr'>superficie</span> <span class='ocrx_word' id='word_1_154' title='bbox 1572 3785 1663 3858; x_wconf 91' lang='lat' dir='ltr'>tballi</span> <span class='ocrx_word' id='word_1_155' title='bbox 1685 3811 1761 3884; x_wconf 91' lang='lat' dir='ltr'>pro.</span> 
     </span>
     <span class='ocr_line' id='line_1_23' title="bbox 151 3875 1762 3984; baseline 0.003 -30"><span class='ocrx_word' id='word_1_156' title='bbox 151 3885 242 3954; x_wconf 84' lang='lat' dir='ltr'>minet</span> <span class='ocrx_word' id='word_1_157' title='bbox 257 3879 382 3958; x_wconf 85' lang='lat' dir='ltr'>osliolo</span> <span class='ocrx_word' id='word_1_158' title='bbox 400 3905 503 3976; x_wconf 80' lang='lat' dir='ltr'>prrvo</span> <span class='ocrx_word' id='word_1_159' title='bbox 521 3875 613 3952; x_wconf 88' lang='lat' dir='ltr'>sulco</span> <span class='ocrx_word' id='word_1_160' title='bbox 637 3888 736 3978; x_wconf 84' lang='lat' dir='ltr'>nigro</span> <span class='ocrx_word' id='word_1_161' title='bbox 754 3879 970 3974; x_wconf 86' lang='lat' dir='ltr'>utplurimum</span> <span class='ocrx_word' id='word_1_162' title='bbox 989 3884 1107 3954; x_wconf 85' lang='lat' dir='ltr'>labiato</span> <span class='ocrx_word' id='word_1_163' title='bbox 1126 3910 1189 3954; x_wconf 87' lang='lat' dir='ltr'>ceu</span> <span class='ocrx_word' id='word_1_164' title='bbox 1207 3880 1470 3984; x_wconf 83' lang='lat' dir='ltr'>subnrargineto,</span> <span class='ocrx_word' id='word_1_165' title='bbox 1494 3883 1659 3958; x_wconf 78' lang='lat' dir='ltr'>emissioni</span> <span class='ocrx_word' id='word_1_166' title='bbox 1678 3903 1762 3984; x_wconf 80' lang='lat' dir='ltr'>gon·</span> 
     </span>
     <span class='ocr_line' id='line_1_24' title="bbox 150 3980 1759 4083; baseline 0.007 -29"><span class='ocrx_word' id='word_1_167' title='bbox 150 3981 318 4075; x_wconf 58' lang='lat' dir='ltr'>figulorum,</span> <span class='ocrx_word' id='word_1_168' title='bbox 343 3997 378 4051; x_wconf 90' lang='lat' dir='ltr'>nt</span> <span class='ocrx_word' id='word_1_169' title='bbox 395 3980 542 4067; x_wconf 80' lang='lat' dir='ltr'>videtur,</span> <span class='ocrx_word' id='word_1_170' title='bbox 568 3980 737 4055; x_wconf 87' lang='lat' dir='ltr'>dellinato.</span> <span class='ocrx_word' id='word_1_171' title='bbox 793 3983 883 4054; x_wconf 81' lang='lat' dir='ltr'>Raro</span> <span class='ocrx_word' id='word_1_172' title='bbox 906 3989 1016 4076; x_wconf 91' lang='lat' dir='ltr'>portio</span> <span class='ocrx_word' id='word_1_173' title='bbox 1035 3984 1195 4081; x_wconf 86' lang='lat' dir='ltr'>quaedam</span> <span class='ocrx_word' id='word_1_174' title='bbox 1221 3991 1328 4076; x_wconf 85' lang='lat' dir='ltr'>major</span> <span class='ocrx_word' id='word_1_175' title='bbox 1350 3989 1519 4083; x_wconf 89' lang='lat' dir='ltr'>peritbecii</span> <span class='ocrx_word' id='word_1_176' title='bbox 1541 4012 1619 4058; x_wconf 91' lang='lat' dir='ltr'>cum</span> <span class='ocrx_word' id='word_1_177' title='bbox 1637 3987 1759 4066; x_wconf 82' lang='lat' dir='ltr'>osliolo</span> 
     </span>
     <span class='ocr_line' id='line_1_25' title="bbox 149 4075 1761 4186; baseline 0.007 -36"><span class='ocrx_word' id='word_1_178' title='bbox 149 4075 230 4180; x_wconf 81' lang='lat' dir='ltr'>supra</span> <span class='ocrx_word' id='word_1_179' title='bbox 246 4082 387 4160; x_wconf 86' lang='lat' dir='ltr'>thallum</span> <span class='ocrx_word' id='word_1_180' title='bbox 407 4079 501 4180; x_wconf 78' lang='lat' dir='ltr'>simul</span> <span class='ocrx_word' id='word_1_181' title='bbox 519 4082 682 4169; x_wconf 85' lang='lat' dir='ltr'>elevatur,</span> <span class='ocrx_word' id='word_1_182' title='bbox 714 4087 748 4153; x_wconf 91' lang='lat' dir='ltr'>in</span> <span class='ocrx_word' id='word_1_183' title='bbox 773 4107 841 4180; x_wconf 94' lang='lat' dir='ltr'>quo</span> <span class='ocrx_word' id='word_1_184' title='bbox 860 4079 933 4154; x_wconf 91' lang='lat' dir='ltr'>casn</span> <span class='ocrx_word' id='word_1_185' title='bbox 954 4111 1026 4181; x_wconf 81' lang='lat' dir='ltr'>para</span> <span class='ocrx_word' id='word_1_186' title='bbox 1044 4085 1233 4181; x_wconf 84' lang='lat' dir='ltr'>prominnla</span> <span class='ocrx_word' id='word_1_187' title='bbox 1249 4084 1330 4157; x_wconf 86' lang='lat' dir='ltr'>dura</span> <span class='ocrx_word' id='word_1_188' title='bbox 1351 4085 1483 4158; x_wconf 83' lang='lat' dir='ltr'>cralsror</span> <span class='ocrx_word' id='word_1_189' title='bbox 1505 4089 1666 4186; x_wconf 83' lang='lat' dir='ltr'>nigraque</span> <span class='ocrx_word' id='word_1_190' title='bbox 1687 4115 1761 4162; x_wconf 83' lang='lat' dir='ltr'>eva·</span> 
     </span>
     <span class='ocr_line' id='line_1_26' title="bbox 150 4178 1759 4288; baseline 0.008 -37"><span class='ocrx_word' id='word_1_191' title='bbox 150 4178 197 4256; x_wconf 87' lang='lat' dir='ltr'>dit.</span> <span class='ocrx_word' id='word_1_192' title='bbox 246 4179 428 4256; x_wconf 81' lang='lat' dir='ltr'>Tlialarnia</span> <span class='ocrx_word' id='word_1_193' title='bbox 445 4189 576 4275; x_wconf 78' lang='lat' dir='ltr'>juniora</span> <span class='ocrx_word' id='word_1_194' title='bbox 590 4181 723 4256; x_wconf 81' lang='lat' dir='ltr'>diverstc</span> <span class='ocrx_word' id='word_1_195' title='bbox 740 4182 773 4254; x_wconf 89' lang='lat' dir='ltr'>in</span> <span class='ocrx_word' id='word_1_196' title='bbox 788 4183 869 4254; x_wconf 78' lang='lat' dir='ltr'>loeis</span> <span class='ocrx_word' id='word_1_197' title='bbox 889 4188 973 4254; x_wconf 88' lang='lat' dir='ltr'>intra</span> <span class='ocrx_word' id='word_1_198' title='bbox 991 4185 1129 4257; x_wconf 84' lang='lat' dir='ltr'>thallum</span> <span class='ocrx_word' id='word_1_199' title='bbox 1154 4182 1244 4268; x_wconf 84' lang='lat' dir='ltr'>sota,</span> <span class='ocrx_word' id='word_1_200' title='bbox 1275 4184 1454 4284; x_wconf 86' lang='lat' dir='ltr'>aliquando</span> <span class='ocrx_word' id='word_1_201' title='bbox 1469 4183 1578 4258; x_wconf 78' lang='lat' dir='ltr'>versun</span> <span class='ocrx_word' id='word_1_202' title='bbox 1601 4195 1759 4288; x_wconf 74' lang='lat' dir='ltr'>paginam</span> 
     </span>
     <span class='ocr_line' id='line_1_27' title="bbox 147 4279 1761 4386; baseline 0.007 -35"><span class='ocrx_word' id='word_1_203' title='bbox 147 4279 331 4357; x_wconf 86' lang='lat' dir='ltr'>insetiotem</span> <span class='ocrx_word' id='word_1_204' title='bbox 352 4284 463 4371; x_wconf 86' lang='lat' dir='ltr'>thalli,</span> <span class='ocrx_word' id='word_1_205' title='bbox 490 4303 590 4382; x_wconf 78' lang='lat' dir='ltr'>quem</span> <span class='ocrx_word' id='word_1_206' title='bbox 609 4279 851 4358; x_wconf 86' lang='lat' dir='ltr'>tuberculosam</span> <span class='ocrx_word' id='word_1_207' title='bbox 865 4282 1015 4368; x_wconf 86' lang='lat' dir='ltr'>reddunt,</span> <span class='ocrx_word' id='word_1_208' title='bbox 1038 4291 1262 4376; x_wconf 84' lang='lat' dir='ltr'>inueniuntur.</span> <span class='ocrx_word' id='word_1_209' title='bbox 1322 4285 1466 4360; x_wconf 84' lang='lat' dir='ltr'>Nuclem</span> <span class='ocrx_word' id='word_1_210' title='bbox 1486 4313 1562 4360; x_wconf 87' lang='lat' dir='ltr'>cum</span> <span class='ocrx_word' id='word_1_211' title='bbox 1579 4295 1761 4386; x_wconf 87' lang='lat' dir='ltr'>peritbecio</span> 
     </span>
     <span class='ocr_line' id='line_1_28' title="bbox 147 4379 1758 4488; baseline 0.006 -35"><span class='ocrx_word' id='word_1_212' title='bbox 147 4389 246 4479; x_wconf 83' lang='lat' dir='ltr'>primo</span> <span class='ocrx_word' id='word_1_213' title='bbox 271 4379 454 4482; x_wconf 80' lang='lat' dir='ltr'>globosus,</span> <span class='ocrx_word' id='word_1_214' title='bbox 489 4385 577 4480; x_wconf 84' lang='lat' dir='ltr'>apud</span> <span class='ocrx_word' id='word_1_215' title='bbox 598 4384 753 4482; x_wconf 69' lang='lat' dir='ltr'>quoidam</span> <span class='ocrx_word' id='word_1_216' title='bbox 777 4380 897 4482; x_wconf 72' lang='lat' dir='ltr'>species</span> <span class='ocrx_word' id='word_1_217' title='bbox 922 4385 1010 4486; x_wconf 86' lang='lat' dir='ltr'>quali</span> <span class='ocrx_word' id='word_1_218' title='bbox 1036 4379 1220 4460; x_wconf 78' lang='lat' dir='ltr'>in&#39;collum</span> <span class='ocrx_word' id='word_1_219' title='bbox 1241 4387 1427 4486; x_wconf 78' lang='lat' dir='ltr'>angullntur</span> <span class='ocrx_word' id='word_1_220' title='bbox 1447 4387 1758 4488; x_wconf 88' lang='lat' dir='ltr'>dtim&#39;superliciem</span> 
     </span>
     <span class='ocr_line' id='line_1_29' title="bbox 146 4481 1758 4588; baseline 0.007 -34"><span class='ocrx_word' id='word_1_221' title='bbox 146 4483 225 4556; x_wconf 84' lang='lat' dir='ltr'>tballi</span> <span class='ocrx_word' id='word_1_222' title='bbox 240 4483 382 4582; x_wconf 84' lang='lat' dir='ltr'>adtingit</span> <span class='ocrx_word' id='word_1_223' title='bbox 397 4503 428 4555; x_wconf 89' lang='lat' dir='ltr'>et</span> <span class='ocrx_word' id='word_1_224' title='bbox 442 4483 600 4558; x_wconf 89' lang='lat' dir='ltr'>olliolum</span> <span class='ocrx_word' id='word_1_225' title='bbox 619 4481 742 4558; x_wconf 86' lang='lat' dir='ltr'>ibidem</span> <span class='ocrx_word' id='word_1_226' title='bbox 758 4483 933 4560; x_wconf 88' lang='lat' dir='ltr'>sormatur.</span> <span class='ocrx_word' id='word_1_227' title='bbox 987 4487 1167 4562; x_wconf 85' lang='lat' dir='ltr'>Subllantia</span> <span class='ocrx_word' id='word_1_228' title='bbox 1183 4490 1299 4562; x_wconf 84' lang='lat' dir='ltr'>Nuclei</span> <span class='ocrx_word' id='word_1_229' title='bbox 1316 4492 1499 4563; x_wconf 80' lang='lat' dir='ltr'>bumedlnta</span> <span class='ocrx_word' id='word_1_230' title='bbox 1518 4485 1758 4588; x_wconf 78' lang='lat' dir='ltr'>subgelatinosc</span> 
     </span>
     <span class='ocr_line' id='line_1_30' title="bbox 145 4582 1759 4796; baseline 0 -136"><span class='ocrx_word' id='word_1_231' title='bbox 145 4611 237 4684; x_wconf 79' lang='lat' dir='ltr'>aquea</span> <span class='ocrx_word' id='word_1_232' title='bbox 250 4583 504 4688; x_wconf 84' lang='lat' dir='ltr'>pellucidillima</span> <span class='ocrx_word' id='word_1_233' title='bbox 522 4583 688 4667; x_wconf 80' lang='lat' dir='ltr'>interdum</span> <span class='ocrx_word' id='word_1_234' title='bbox 701 4582 851 4682; x_wconf 83' lang='lat' dir='ltr'>suscescit</span> <span class='ocrx_word' id='word_1_235' title='bbox 866 4590 911 4664; x_wconf 90' lang='lat' dir='ltr'>ob</span> <span class='ocrx_word' id='word_1_236' title='bbox 925 4585 1149 4697; x_wconf 74' lang='lat' dir='ltr'>frequentiam</span> <span class='ocrx_word' id='word_1_237' title='bbox 1162 4590 1398 4691; x_wconf 81' lang='lat' dir='ltr'>gongylorum</span> <span class='ocrx_word' id='word_1_238' title='bbox 1421 4589 1536 4690; x_wconf 82' lang='lat' dir='ltr'>passim</span> <span class='ocrx_word' id='word_1_239' title='bbox 1555 4593 1654 4796; x_wconf 56' lang='lat' dir='ltr'>ingpa</span> <span class='ocrx_word' id='word_1_240' title='bbox 1679 4619 1759 4674; x_wconf 88' lang='lat' dir='ltr'>con.</span> 
     </span>
     <span class='ocr_line' id='line_1_31' title="bbox 1519 4719 1761 4782; baseline 0.017 -16"><span class='ocrx_word' id='word_1_241' title='bbox 1519 4767 1523 4776; x_wconf 76' lang='grc'>,</span> <span class='ocrx_word' id='word_1_242' title='bbox 1634 4719 1761 4782; x_wconf 74' lang='lat' dir='ltr'>ornere·</span> 
     </span>
    </p>
   </div>
   <div class='ocr_carea' id='block_1_10' title="bbox 0 0 2238 5536">
    <p class='ocr_par' dir='ltr' id='par_1_10' title="bbox 0 0 2238 5536">
     <span class='ocr_line' id='line_1_32' title="bbox 0 0 2238 5536; baseline 0 4"><span class='ocrx_word' id='word_1_243' title='bbox 0 0 2238 5536; x_wconf 95' lang='lat' dir='ltr'> </span> 
     </span>
    </p>
   </div>
  </div>
 </body>
</html>
