4466 5536
670 407 719 462 as
752 411 882 471 rosnat
904 407 1212 463 aaottcartone.
1727 406 1752 480 9

9 667 10 688 ,
119 617 169 668 eas
188 586 335 692 species,
359 611 504 690 quarum
519 588 689 685 apothecis
707 612 783 659 aera
802 586 929 682 cellulis
946 607 979 660 et
994 583 1143 660 celiculis
1157 603 1278 661 carent.
1338 587 1390 661 Ex
1409 587 1499 659 hisce
1517 581 1751 661 observationi·

9 713 10 720 ’
120 698 174 768 bus
193 696 388 790 colligitur,
411 687 503 790 quod
521 686 644 762 studius
662 685 782 788 species
800 687 885 760 duae
905 688 1035 760 veltres
1055 683 1202 760 diversae
1219 693 1253 761 in
1271 713 1336 760 nna
1353 687 1536 788 eademque
1552 686 1657 788 specie
1678 693 1750 763 etti·

9 787 10 792 ¹
119 797 259 883 flerent,
284 789 490 866 nimirumli
513 795 686 888 apothecis
703 815 764 886 pro
791 793 975 862 Lichenum
998 785 1108 861 frudlu
1130 791 1320 864 habeantur.
1381 794 1568 862 vanitatem
1584 785 1755 885 ejusmodi

120 903 267 972 theoriae
290 895 435 992 probare
458 915 526 964 non
547 915 631 988 opus
651 892 715 975 ella
749 889 885 962 sufficiat
907 887 1034 971 dicere,
1059 889 1082 960 st
1102 888 1212 989 plures
1226 888 1345 964 diaerli
1362 898 1489 990 generis
1503 888 1628 965 frudlus
1646 900 1679 966 in
1696 921 1750 966 ea·

121 999 195 1072 dem
213 993 322 1096 specie
337 993 501 1092 polltbiler
518 987 636 1080 allant,
662 997 761 1064 etiam
777 991 944 1089 duplicem
962 993 1190 1092 triplicemque
1208 989 1478 1066 foecundationis
1493 993 1633 1067 modurn
1653 994 1750 1070 limul

9 1191 10 1200 ἵ
121 1100 248 1174 admitti
264 1095 375 1168 deberi
396 1114 428 1168 et
448 1090 589 1167 totidem
604 1094 703 1165 eriam
725 1115 934 1189 organorum
951 1088 1225 1166 foecundantium
1242 1092 1381 1168 diverlaa
1401 1091 1527 1166 sormas
1548 1121 1585 1168 ac
1602 1105 1750 1196 proprie·

9 1273 10 1292 ,
121 1225 196 1275 tates
219 1203 314 1298 poni.
349 1202 522 1282 Quantum
538 1200 755 1266 contrarietur
769 1195 896 1290 legibus
910 1189 1178 1266 foecundationis
1196 1221 1233 1266 ac
1247 1190 1493 1294 propagationis
1509 1219 1574 1270 tam
1592 1203 1625 1270 itt
1641 1223 1757 1298 regno⁴

122 1303 255 1376 animali
275 1323 377 1400 quam
391 1295 571 1398 vegetabili·
587 1294 755 1380 llabilitis,
792 1295 864 1368 talis
880 1299 1019 1370 variatio
1032 1304 1064 1370 et
1082 1292 1413 1396 contempturum,
1449 1303 1587 1400 quisque
1610 1297 1682 1374 latis
1700 1307 1750 1378 in·

9 1417 10 1484 i
123 1405 249 1505 telligit.

129 1588 1751 1794 „nt·stttl:.tll:t⁰etrttltt”littttllltnn'tull

9 1799 10 1852 t
128 1807 225 1900 dyms
243 1803 419 1902 Hedwtgtt
439 1802 651 1898 utrorumque
664 1803 887 1898 ⁰⁰⁰⁸l⁰l⁸q⁰‘
902 1796 1015 1869 ”idm
1041 1798 1165 1892 potest,
1193 1793 1304 1870 s⁸lle¹¹¹
1326 1825 1392 1896 ‘3⁰
1412 1801 1533 1896 plurim
1553 1799 1625 1873 vidi
1648 1809 1682 1876 in
1706 1804 1750 1879 ¹⁸⁰

9 1933 10 1986 ;
128 1907 325 1981 sntsssuatts
342 1909 550 1976 surreiae
572 1901 762 1988 ostiarus
790 1904 891 1997 arob!
919 1895 1020 1969 ⁶⁰¹0r
1041 1901 1075 1968 ³¹¹
1098 1894 1257 1994 tptttmo
1273 1897 1333 1971 5¹¹⁰
1354 1903 1518 1992 lichenes
1546 1929 1645 2004 <tuem
1665 1901 1753 1978 sum·

9 2067 10 2074 ,
128 2035 177 2085 ma
191 2033 268 2080 eum
282 2031 359 2077 cura
374 1995 590 2103 perscrutatos
605 2002 662 2090 ell,
688 2005 844 2098 cujusque
859 1995 986 2071 semina
1002 2003 1036 2070 in
1054 1992 1114 2070 suo
1130 2020 1241 2096 putato
1259 1995 1373 2082 truttu.
1385 2003 1572 2077 delineavit.
1625 2006 1753 2082 Eadem

128 2109 267 2212 gandent
285 2101 413 2190 forma,
448 2099 699 2200 magnitudine,
730 2101 863 2192 colore,
891 2101 1013 2185 verbo,
1040 2095 1213 2196 iplillimae
1229 2095 1303 2175 sunt
1320 2098 1478 2176 velicnlae
1496 2110 1529 2178 in
1548 2105 1671 2180 lamina
1687 2106 1753 2180 dia·
1905 2131 1910 2142 ·

128 2210 240 2286 coidea
263 2210 425 2304 apotltecii
453 2210 547 2298 hujus
571 2205 744 2295 Limenia,
770 2227 873 2304 quam
892 2205 979 2275 intra
1001 2195 1214 2288 substantiam
1235 2203 1426 2278 corticaletn
1447 2205 1643 2282 laciniarum
1661 2209 1757 2284 thalli·

129 2307 301 2413 aliquando
316 2310 524 2418 reperiuntur
539 2301 591 2399 ¹⁸¹).

235 2535 391 2634 Sequitur
406 2555 507 2632 ergo,
527 2530 772 2632 necapotlseeia
792 2550 854 2627 pro
878 2521 1037 2600 leudibus
1062 2526 1247 2600 lichenum
1269 2528 1381 2604 haberi
1402 2527 1514 2629 poll'e,
1545 2527 1599 2608 sed
1624 2529 1751 2612 fructus

136 2636 258 2736 analogi
279 2633 382 2736 quid,
406 2652 442 2706 ut
463 2637 507 2705 ita
535 2629 662 2714 dicam,
684 2649 814 2711 tantum
837 2623 977 2717 offerre,
1004 2654 1112 2728 neque
1137 2631 1244 2704 thecas
1271 2624 1444 2732 Hedwigii
1471 2655 1598 2732 partem
1621 2634 1750 2713 leutius

9 2743 10 2756 ¹
136 2745 319 2838 organicam
340 2735 491 2819 efficere,
517 2757 578 2806 nec
592 2729 673 2832 ipl'aa
690 2727 864 2817 veliculas,
889 2725 1070 2828 laepiffime
1084 2729 1252 2830 gongylos
1272 2731 1488 2824 includentes,
1513 2741 1646 2812 Semina
1665 2735 1751 2832 elle;
1854 2736 1857 2756 '

9 2869 11 2946 p
157 2865 231 2912 uare
246 2845 384 2910 nomina
400 2837 535 2910 Thecae
552 2853 583 2904 et
599 2838 761 2919 Seminis,
788 2857 825 2903 ea
844 2829 954 2905 scilicit
969 2851 1102 2922 mente,
1124 2857 1187 2928 qua
1202 2834 1243 2904 ab
1261 2829 1445 2932 Hedwigio
1467 2835 1604 2938 aliisque
1620 2863 1750 2942 accepta

9 2949 10 2954 ’
135 2867 226 3026 lant,
251 2935 382 3037 quando
405 2933 447 3009 de
464 2936 659 3009 lichenibus
685 2930 794 3032 sermo
813 2931 877 3021 eil,
903 2937 992 3026 rejici
1014 2927 1152 3022 debere,
1185 2933 1322 3034 illasque
1346 2935 1507 3027 Callicles,
1537 2941 1618 3015 haec
1639 2963 1751 3016 autem

9 3023 11 3044 Ι
132 3043 173 3120 V
168 3045 290 3146 (ficales
305 3043 413 3140 potius
430 3033 651 3110 nominandas
667 3029 731 3108 effe
750 3037 875 3134 putavi.
1086 3027 1090 3034 ’

235 3232 297 3310 Sed
324 3229 349 3308 fi
369 3227 523 3307 lruttum'
540 3231 671 3305 nullutn
690 3255 805 3304 aerum
828 3201 1202 3330 proferunt'Licltenes,
1236 3229 1416 3330 quomodo
1434 3256 1659 3336 propagentur
1675 3239 1757 3334 juna

132 3329 642 3514 ἓὲἷῦᾞὲἰοπίἑοίροαάοωω,
669 3355 798 3434 eorum
811 3339 1091 3436 propagationem
1113 3357 1172 3434 per
1193 3333 1370 3454 gongyloa
1381 3341 1597 3436 promoveri,
1623 3365 1704 3416 aero
1717 3340 1758 3418 li·

234 3643 322 3712 Sunt
332 3637 367 3709 lai
378 3617 523 3733 Gongyli
532 3631 827 3728 (denominatione
842 3659 861 3706 a
876 3631 931 3730 ΩΙ.
942 3635 1125 3710 Gaertnero
1142 3637 1309 3731 mutuata)
1318 3631 1510 3738 corpuscula
1525 3637 1663 3738 globosa
1677 3665 1757 3740 opa.

132 3767 183 3828 ca,
207 3759 277 3812 tam
294 3739 380 3812 intra
396 3732 501 3836 ipsam
518 3738 712 3835 receptaculi
740 3739 923 3809 lichenum
945 3733 1136 3812 universalis
1156 3735 1387 3826 lubllantiam,
1421 3747 1595 3840 praecipue
1621 3749 1757 3818 cortica·

130 3843 209 3928 lem,
234 3839 448 3930 nidulantia‚
472 3835 631 3937 quemad
651 3843 721 3932 ejttt
739 3831 949 3934 superficiem
967 3863 1038 3938 non
1053 3863 1128 3911 raro
1143 3835 1269 3938 sparsa,
1293 3860 1391 3940 atque
1413 3846 1445 3913 in
1460 3845 1670 3942 receptaculis
1684 3869 1758 3938 par·

130 3944 252 4016 tialibus
279 3939 468 4014 eoollantet
493 3933 673 4037 praesentia
701 3955 734 4011 et
760 3935 993 4036 copiolillima.
1061 3938 1114 4014 nd
1139 3946 1219 4014 haec
1240 3936 1434 4040 corpuscula
1458 3942 1666 4016 attenderunt
1687 3938 1756 4016 fere

130 4045 208 4117 nulli
235 4036 517 4124 observaturum,
547 4044 699 4139 quamuis
721 4043 757 4112 in
780 4043 936 4113 omnium
959 4041 1144 4120 lichenum
1165 4041 1269 4118 thallo
1293 4060 1326 4114 et
1346 4045 1546 4140 apotheciis,
1572 4069 1757 4146 corumque

129 4141 272 4218 aelieulis
296 4163 328 4215 et
347 4141 475 4214 cellulis
493 4139 756 4239 frequentissime
776 4143 963 4219 obveniant.
1025 4147 1158 4214 Semina
1182 4144 1234 4216 vel
1257 4149 1376 4240 Sporas
1398 4143 1566 4243 appellare
1588 4143 1676 4220 haud
1696 4171 1758 4247 po·

127 4249 186 4336 tui,
211 4269 298 4321 naua
319 4241 398 4317 illae
411 4241 702 4317 denominationes
719 4237 1015 4318 foecundationem
1034 4236 1200 4318 serualem
1215 4265 1247 4318 et
1261 4239 1408 4319 stultum
1422 4271 1537 4320 aerum
1553 4239 1772 4350 supponunt,

1715 4353 1757 4421 ln

157 4576 199 4697 a)
220 4611 307 4684 vste
329 4613 368 4681 s·
390 4614 473 4686 rau.
498 4617 588 4682 nae
622 4613 725 4697 essa
746 4611 819 4684 ns.
837 4611 910 4684 at
936 4627 968 4682 ee
988 4615 1076 4700 ece
1098 4619 1137 4682 n.
1264 4579 1270 4595 ’

803 4781 805 4784 .
1117 4728 1150 4802 C
