4466 5536
461 391 511 466 40
1173 365 1369 446 cantemas.

459 567 560 642 culari
584 568 678 660 hujus
691 565 823 664 capituli
839 561 945 652 tana,
973 561 1121 663 scyptnti
1140 561 1163 641 s.
1185 571 1349 666 apothecii
1374 568 1597 666 primordialis
1615 571 1780 648 exissentia
1798 579 1964 672 probatur.
2003 583 2090 676 Spes

459 675 525 743 cies
541 675 582 742 ita
598 688 800 766 comparatas
816 669 1005 756 (calicia
1027 673 1151 740 Stron
1162 669 1281 763 gyiia
1298 675 1399 763 ruisti)
1422 698 1439 740 a
1465 672 1596 744 Caliciit
1617 677 1686 746 reiit
1700 683 1747 746 uis
1770 685 1868 749 etiarn
1885 683 2015 752 Genese
2035 678 2088 750 di·

459 767 669 868 ssingttendas
684 764 747 838 esse
765 789 917 864 putarunt
933 766 1093 864 quidam,
1129 765 1299 842 sedetiam
1322 775 1380 843 irae
1397 777 1430 840 in
1446 777 1550 868 prima
1571 769 1625 843 sua
1645 703 1779 846 insantin
1801 783 1971 876 apotheeia
1990 806 2089 852 com·

460 873 546 972 plata
567 890 600 941 et
615 874 796 965 marginata
815 863 979 950 offerunt,
1005 874 1155 966 quemvis
1171 867 1382 940 minutitsitna
1399 864 1491 960 sunt,
1518 867 1709 971 discumque
1725 895 1801 948 tunc
1822 877 2089 974 punitisormem

461 973 668 1059 exitibentia;
695 973 759 1039 hoc
776 987 884 1040 autem
904 993 962 1066 per
984 989 1119 1040 aetatem
1135 973 1169 1039 in
1195 995 1332 1040 ornnem
1353 965 1481 1044 sensum
1511 978 1544 1042 in
1566 974 1615 1043 hia
1638 977 1858 1072 amplificato,
1892 975 1990 1050 massa
2016 988 2088 1074 ejua

460 1071 645 1146 obvallatus
660 1089 692 1141 et
708 1093 825 1166 margo
843 1089 874 1140 et
898 1090 1006 1140 totum
1023 1072 1126 1140 hocce
1145 1074 1355 1166 apotltecium
1370 1077 1435 1162 jam
1451 1068 1655 1146 evanescens.
1715 1079 1810 1148 Hanc
1835 1086 2090 1176 tneramorptto.

462 1171 511 1246 stu
530 1173 784 1270 apotiteciorum
801 1165 887 1265 apud
907 1169 1071 1241 Calicia
1094 1174 1191 1240 etiarn
1208 1171 1347 1265 probant
1368 1165 1487 1264 species
1502 1176 1681 1261 majoribus
1703 1195 1733 1246 et
1749 1173 1985 1272 persistentibus
2004 1205 2088 1271 apo·

461 1279 575 1346 theciir
592 1267 768 1369 praeditae,
794 1293 999 1366 quarumque
1015 1265 1112 1338 tnatsa
1132 1265 1295 1342 discoidea
1310 1294 1460 1342 contessa
1476 1270 1602 1362 evadit,
1629 1268 1769 1348 sednon
1786 1275 1870 1350 adeo
1883 1276 2085 1369 intumescit,

462 1393 498 1448 ut
512 1377 699 1470 marginem
714 1371 877 1469 apothecii
900 1374 1045 1442 omnino
1068 1373 1210 1467 obtegat.

570 1575 659 1642 Inter
680 1564 852 1665 gongysor
876 1563 1012 1640 ntass'am
1038 1562 1240 1640 discoideam
1259 1563 1366 1640 adbuc
1387 1564 1614 1664 puiveraeeam
1639 1587 1671 1643 et
1690 1589 1865 1672 antequam
1883 1569 2034 1650 increscit
2047 1606 2087 1654 ae

459 1665 656 1748 soliduscula
674 1663 799 1750 evadit,
826 1663 1029 1754 formantes,
1055 1693 1127 1740 non
1149 1693 1224 1740 rato
1245 1663 1459 1740 observantur
1475 1665 1634 1742 vesiculae
1659 1668 1713 1743 seu
1735 1675 1862 1770 globuli
1882 1677 1996 1774 paullo
2013 1705 2085 1752 atta·

460 1781 547 1869 joser
568 1765 723 1868 pellucidi
748 1765 880 1859 didymi
901 1763 955 1839 seu
979 1769 1047 1838 bini
1068 1768 1265 1865 plerumque
1288 1774 1444 1849 connati,
1477 1769 1656 1868 asiquattdo
1679 1777 1776 1844 etiam
1802 1773 1986 1872 simplices,
2020 1785 2086 1852 im.

460 1875 567 1946 mitti.
621 1871 708 1938 intra
725 1864 933 1938 substantiam
951 1865 1189 1940 consolidatam
1205 1865 1318 1962 passnu
1339 1865 1538 1941 subsiriatam
1556 1865 1633 1942 disci
1653 1869 1910 1962 intumescentia,
1936 1879 2086 1978 gongysi
2220 1943 2221 1956 ,

459 1969 542 2046 nudi
562 1965 749 2044 nidulanter
768 1963 888 2066 sparsi,
915 1968 967 2040 uei
984 1964 1096 2041 saltent
1112 1965 1303 2070 corpuscula
1319 1972 1369 2042 hia
1388 1966 1506 2041 fimilia
1526 1974 1750 2053 inveniuntur.

570 2164 757 2251 Patalium,
783 2169 831 2236 uti
851 2170 948 2238 etiam
969 2166 1139 2263 apothecia
1159 2164 1301 2238 aliorum
1318 2169 1521 2254 Lichetrunt‚
1547 2173 1584 2238 in
1601 2169 1990 2266 primisctussaceorum‚
2016 2172 2085 2251 sese

462 2267 603 2366 affigunt
619 2267 778 2340 Calicii
798 2271 968 2362 apothecia
986 2271 1020 2338 in
1039 2271 1211 2366 peregrina
1229 2265 1332 2340 crusia
1351 2273 1525 2339 autetiam
1543 2273 1577 2340 iu
1594 2269 1692 2365 liguis
1709 2271 1837 2344 retussis
1855 2295 1888 2344 et
1904 2279 2083 2350 corticibus

460 2370 570 2447 nudis.
623 2373 735 2468 ltaque
754 2365 959 2453 cavendum,
992 2393 1035 2440 ne
1057 2371 1254 2438 mutationes
1276 2364 1353 2438 inde
1374 2387 1460 2441 ortas
1485 2393 1546 2464 pto
1568 2368 1705 2441 totidem
1729 2369 1889 2445 disiiudiis
1914 2370 2084 2474 speciebus

461 2473 648 2546 habeantur.
703 2471 931 2554 ismeniam,
964 2472 999 2538 in
1024 2467 1276 2567 quamplurimis
1304 2471 1399 2560 hujus
1424 2472 1558 2539 Generis
1581 2465 1744 2567 speciebus
1760 2465 1830 2543 satis
1852 2473 2016 2570 paradoxa
2037 2479 2086 2551 esi

460 2571 581 2654 crusia,
606 2587 638 2639 et
653 2562 745 2663 saepe
766 2565 884 2638 dubius
902 2590 1014 2640 manet
1030 2563 1218 2641 observator
1238 2594 1279 2638 an
1297 2569 1553 2660 obvenienteut,
1588 2588 1623 2642 ut
1644 2575 1829 2668 genuinum
1855 2569 1975 2672 speciei
2003 2578 2087 2652 tbal·

459 2673 531 2748 lum
552 2667 752 2754 confideret,
778 2669 829 2742 rel
847 2666 888 2740 ad
908 2671 1011 2740 alium
1030 2675 1206 2742 Lichenetn
1222 2672 1393 2768 pertineat.

569 2873 624 2944 De
645 2865 913 2941 ciliciorum
937 2865 1014 2938 loco
1039 2871 1121 2938 intra
1148 2867 1331 2940 Lirhennm
1358 2862 1519 2938 familiam
1543 2865 1595 2938 uel
1620 2864 1744 2962 plantae
1768 2863 1925 2966 fungosae
1947 2881 2086 2972 proprie
2221 2945 2222 2952 χ

458 2968 505 3047 fic
522 2966 622 3042 dictu
640 2967 727 3042 haud
746 2968 849 3067 probe
868 2973 1072 3040 conveniunt
1097 2973 1277 3070 Scriptores
1301 2971 1459 3048 Botauici,
1525 2969 1639 3046 Quutn
1662 2989 1770 3066 autem
1793 2965 2008 3066 praesentiam
2030 3000 2081 3047 re·
2221 2975 2222 3060 1

457 3072 617 3172 ceptacuii
634 3089 701 3141 tam
719 3068 860 3165 partialis
877 3093 975 3165 quam
1001 3065 1190 3139 universalis
1212 3073 1244 3146 ir.
1268 3093 1297 3141 e.
1321 3069 1484 3166 apothecis
1511 3087 1543 3138 et
1566 3069 1655 3138 thalli
1681 3067 1791 3140 nulius
1817 3064 1914 3142 facile
1935 3079 2082 3172 negabit,

456 3173 653 3248 bicheniboa
668 3175 775 3268 potius
793 3166 1040 3241 adnumeranda
1061 3164 1124 3240 esse
1140 3189 1302 3266 putantur.
1356 3172 1382 3239 E
1399 3172 1705 3262 fungorum-coctu
1724 3174 1822 3240 etiam
1841 3167 1953 3242 denuo
1969 3175 2082 3246 exesu.

457 3271 551 3348 clusit
569 3273 690 3345 horum
708 3267 990 3368 praestantissimus
1010 3291 1042 3342 et
1056 3269 1189 3342 celebris
1214 3266 1394 3342 Ordinatur
1419 3261 1576 3338 Persou
1589 3292 1623 3338 n.
1687 3269 1820 3341 Tamen
1841 3295 1912 3342 non
1936 3269 2081 3346 diffiten-

458 3373 561 3459 dum,
586 3375 770 3542 Lichenerff
772 3395 829 3466 per
850 3369 1014 3444 Calicia
1038 3372 1314 3472 Opegraphas
1335 3389 1367 3440 et
1387 3367 1728 3466 Rhizomorphas
1749 3369 1868 3467 plantis
1888 3367 2084 3472 sungoideis

458 3479 578 3548 intime
593 3495 696 3547 nexos
717 3497 734 3542 e
763 3497 793 3548 e.

569 3666 670 3746 Disco
695 3669 861 3745 denudato
886 3668 941 3746 seu
963 3671 1051 3744 nulia
1078 3671 1268 3744 membrana
1291 3685 1505 3766 permanente
1527 3671 1613 3742 tedio
1636 3694 1655 3741 a
1680 3669 1810 3770 reliquia
1824 3673 2007 3746 Generibua
2022 3678 2079 3748 Lu

459 3777 604 3850 ebenum
626 3769 795 3845 discedunt
821 3773 958 3848 Caiici
968 3801 984 3844 a
1010 3794 1042 3845 et
1065 3771 1322 3868 Spilomara‚
1350 3767 1405 3843 sed
1429 3766 1541 3844 sorma
1562 3789 1595 3843 et
1618 3777 1769 3870 margine
1794 3771 1891 3872 ipstua
1912 3777 2080 3876 apothecis

457 3869 592 3954 intense
613 3870 685 3946 satis
699 3873 848 3949 dissiuc'ia
867 3869 939 3946 suut
954 3877 1033 3946 ltaec
1051 3871 1121 3945 duo
1139 3877 1280 3947 Genera.

568 4074 801 4150 Membranula
816 4071 959 4172 quadam
976 4067 1086 4167 sugaci
1107 4067 1273 4160 interdurn
1293 4079 1414 4174 tegitur
1428 4067 1534 4146 discus
1557 4075 1811 4164 apotheciorum
1827 4075 2015 4164 juniorum,
2043 4097 2081 4150 ue

457 4183 493 4250 in
511 4177 748 4261 Arthoniir,
774 4170 978 4248 Peitideis
1003 4193 1065 4251 etc.
1092 4165 1147 4244 sed
1177 4173 1257 4247 haee
1281 4181 1472 4274 neutiquam
1490 4169 1627 4273 persidit
1646 4193 1677 4245 et
1697 4170 1855 4246 rariffinte
1874 4169 2080 4250 observaturi

458 4281 611 4352 occurrit.

568 4479 703 4552 Nomen
724 4473 846 4546 Generi
872 4490 891 4537 a
917 4462 1105 4542 Clarissimo
1134 4466 1375 4546 Persoonio
1407 4474 1519 4568 ptimo
1538 4465 1732 4568 impositum
1754 4469 1886 4547 alatioa
1908 4471 1940 4546 et
1961 4497 2084 4572 graeca

458 4603 544 4654 noce
563 4580 700 4672 Calya
722 4572 774 4646 erl
788 4575 941 4642 annunti
960 4563 1048 4643 sorte
1063 4573 1213 4669 petitum.

2013 4679 2082 4752 Sub
