4466 5536
1086 1091 1296 1166 GENUS
1348 1093 1434 1166 XV.

723 1311 1805 1412 THELOTREMA.

1083 1585 1464 1616 nna-*—

950 1815 1229 1892 Characler
1278 1812 1572 1892 Naturalis.

309 1971 321 1990 ⁸
454 1973 707 2047 Arnrarcrun
734 1957 974 2039 vermcisorme
997 1961 1490 2064 hemisphaerica-conoideum
1512 1992 1531 2037 a
1559 1961 1663 2038 tlnllc
1680 1959 1862 2038 formatam
1886 1983 2098 2042 excavatum·

561 2071 804 2163 ntarginatutn,
831 2065 1025 2140 thalamiuur
1041 2060 1262 2163 compressum
1283 2061 1467 2138 solitarium
1484 2071 1517 2138 in
1535 2062 1644 2140 fundo
1661 2066 1867 2154 recondentt
1902 2073 2082 2146 Perntecto

567 2167 627 2241 ssm
655 2167 706 2238 lici
725 2169 979 2240 membranaceo
998 2164 1091 2263 supra
1110 2167 1219 2239 laceto
1243 2188 1437 2264 rumpentet
1463 2169 1708 2266 parrncltytrratt
1725 2169 1835 2242 nuclei
1852 2167 2028 2269 cumpreffi
2045 2191 2084 2242 et

566 2275 601 2341 itt
621 2195 730 2340 sltndo
746 2293 899 2340 verrucae
913 2269 1039 2342 locatae
1056 2263 1299 2366 subgelatinoso
1324 2264 1468 2345 fimilari.
2092 2269 2099 2282 “

568 2389 712 2490 Gongyli
737 2397 822 2466 intra
845 2388 1052 2468 substantiam
1073 2393 1180 2468 nuclei
1198 2393 1355 2492 proligeri
1372 2389 1558 2464 nidulautca
1580 2387 1677 2491 sparll
1699 2391 1899 2494 llriatimque
1921 2387 2084 2496 disposui.

452 2526 637 2602 Τιιιιιιυι
660 2517 1176 2618 membranaceo-cartilaginem
1197 2519 1251 2592 ael
1271 2511 1511 2590 subcruslaceut
1532 2513 1709 2594 uniformia
1729 2513 1862 2600 effusus.

991 2723 1572 2744 Ἥ

980 2907 984 2914 ’
1053 2895 1537 2978 Οῐιῖιινιιίιιιιιιι.Ι

458 3033 700 3229 Composita
718 3046 792 3126 sunt
809 3053 991 3149 lpotbecia
1011 3055 1046 3124 in
1060 3055 1127 3125 boc
1143 3055 1304 3127 Generee
1324 3078 1492 3127 verrucae
1517 3049 1620 3128 tballo
1641 3049 1783 3128 sormata
1800 3073 1898 3154 atque
1916 3079 1936 3130 e
1960 3059 2087 3135 Thala.

575 3160 646 3228 mio
664 3157 698 3226 in
711 3178 866 3225 verrucae
880 3149 989 3226 fundo
1005 3152 1125 3235 locato.
1177 3150 1251 3254 lpsa
1265 3179 1396 3228 verruca
1414 3150 1543 3238 selsrlir,
1569 3161 1655 3226 intur
1670 3153 1758 3254 quali
1774 3180 1922 3230 excavata
1941 3155 2085 3262 superne

457 3277 587 3362 aperta,
613 3252 703 3330 unde
716 3277 854 3352 margo,
877 3279 946 3354 quo
959 3277 1158 3340 coronatur,
1187 3257 1382 3356 plerumque
1401 3254 1490 3356 quasi
1513 3257 1695 3328 contestatus
1717 3275 1750 3327 et
1771 3249 1990 3349 subinfleaua,
2016 3271 2086 3336 ori.

458 3385 530 3442 tut,
554 3355 734 3457 aliquando
749 3361 848 3426 etlam
866 3375 1052 3452 aperturam
1070 3352 1317 3431 suboccludent.
1380 3353 1586 3429 Reconditur
1610 3361 1693 3428 intra
1717 3359 1800 3426 banc
1820 3383 1991 3434 verrucam
2014 3367 2086 3438 tba.

459 3466 599 3536 lamium
630 3449 851 3550 cotnprellum
876 3451 1056 3526 suscesccnr
1084 3453 1194 3527 sorma
1215 3451 1270 3527 sua
1294 3463 1326 3527 et
1353 3461 1520 3554 peritbecii
1547 3478 1659 3528 natura
1684 3485 1702 3528 a
1729 3457 1861 3554 reliquia
1888 3463 2085 3540 Licbenibua

460 3559 621 3635 thalatniit
644 3554 805 3626 inllruclit
827 3555 970 3628 multum
995 3554 1169 3647 recedent5
1197 3581 1273 3629 nam
1303 3561 1457 3630 Latninae
1481 3557 1664 3656 proligerae
1685 3553 1726 3628 ad
1745 3559 1843 3631 iuslar
1859 3561 2087 3657 compofitum

461 3661 506 3737 ell
529 3679 560 3733 et
583 3659 678 3748 buius
704 3651 774 3726 scre
798 3651 943 3728 sormam
966 3657 1071 3730 habet.
1128 3661 1365 3745 Peritltecium‚
1399 3683 1467 3758 quo
1488 3655 1664 3730 obducitur
1684 3659 1974 3736 membranaceum
1995 3685 2030 3740 et
2051 3673 2088 3744 itt

462 3763 549 3840 llccu
566 3754 895 3856 subcattilagincum‚
922 3758 962 3830 ab
979 3753 1050 3856 ipso
1066 3759 1186 3832 nucleo
1206 3757 1349 3859 denique
1368 3755 1461 3860 supra
1485 3754 1604 3832 secedit
1622 3778 1655 3833 et
1670 3761 1892 3856 irregulariter
1909 3771 2089 3862 rumpitur,

462 3868 650 3964 marginem
667 3859 955 3932 membranaceum
978 3863 1062 3936 iutra
1079 3887 1248 3934 verrucam
1271 3861 1410 3937 liberum
1437 3859 1636 3960 relinquent.
1696 3863 1763 3934 Sub
1784 3861 1905 3936 nucleo
1932 3867 2087 3946 coullau·

323 4039 333 4046 .
462 3991 512 4044 ter
530 3983 639 4040 tnanet
653 3965 820 4058 integrum
835 3965 865 4032 ei
880 3979 912 4033 et
927 3985 1080 4038 verrucae
1096 3957 1205 4036 fundo
1226 3959 1376 4041 affixum.
1430 3955 1499 4061 lpse
1514 3962 1677 4049 Nucleut,
1703 3951 1861 4038 laminam
1883 3969 2088 4064 proliperam

464 4066 629 4150 reserent,
655 4055 876 4158 compressus,
902 4059 1104 4140 aresailiune
1123 4064 1298 4139 collabitur
1318 4085 1350 4136 et
1366 4059 1512 4138 sormam
1527 4067 1666 4146 amittit,
1695 4065 1897 4137 bumec‘latut
1913 4061 2089 4166 subgelati.
2191 4100 2195 4109 ·

464 4167 582 4254 nosue,
615 4173 649 4238 in
672 4161 843 4262 subllantia
866 4157 921 4236 sua
949 4159 1041 4236 soret
1067 4167 1235 4267 gougylor
1256 4164 1439 4239 nidulanrea
1465 4158 1589 4262 sparsor
1615 4161 1667 4234 vel
1689 4161 1778 4236 llriaa
1799 4167 2088 4266 perpendicnlum

464 4269 660 4348 sormantee.
710 4267 896 4340 Texturatn
913 4265 1101 4342 cellularem
1117 4267 1243 4343 nullam
1260 4295 1322 4342 nec
1336 4265 1487 4341 vesiculas
1503 4260 1676 4339 observare
1693 4265 1795 4340 licuit·

573 4485 625 4556 Ex
640 4477 858 4584 descriptione
875 4485 968 4574 data,
995 4483 1173 4564 seeundum
1189 4485 1330 4590 speciem
1347 4485 1452 4580 mugit
1470 4481 1640 4584 vulgarem
1654 4503 1686 4558 et
1704 4489 1769 4577 jam
1784 4481 1840 4558 dtu
1855 4479 1974 4564 'notam
1991 4488 2090 4586 sabla,

466 4585 566 4664 sacile
587 4581 694 4684 pate't,
732 4583 868 4661 massam
893 4595 1037 4663 verrucit
1061 4589 1219 4666 inclusam
1243 4589 1425 4665 coloratam
1450 4586 1620 4658 Tbelamii
1643 4587 1812 4686 analogou
1837 4589 1929 4687 qnod
1954 4589 2093 4688 offerre,

465 4685 522 4766 sed
542 4709 658 4763 natura
674 4685 991 4766 ctcousortnat'toue
1015 4687 1070 4770 sua
1085 4697 1231 4770 multum
1252 4683 1450 4764 discederea
1470 4687 1632 4761 tbalatniit
1656 4691 1954 4780 Verrucariia‚
1979 4699 2091 4788 Try.

1949 4805 2090 4894 petbe·
