4466 5536
442 473 489 536 12
558 553 560 560 Ι
662 473 665 484 “
1012 472 1058 524 oe
1085 471 1283 526 excusarunt
1308 471 1491 526 cnarraua

438 652 587 730 dulantea
608 647 718 726 nudor
732 645 892 737 fovente,
918 647 970 724 rel
991 655 1090 726 ctiam
1113 649 1244 726 cellulas
1266 675 1328 724 eeu
1345 647 1498 724 aeliculaa
1514 647 1675 749 oblongar
1692 650 1833 728 clavatae
1849 647 1946 730 smol
1961 649 2068 726 iuclu-

323 815 329 830 .
438 753 548 834 dente.
609 753 707 828 Haud
728 753 914 828 conllanter
935 758 971 826 in
993 755 1150 826 omnibus
1171 746 1337 850 speciebus
1360 749 1506 845 ejusdem
1532 757 1671 826 Generis
1698 767 1927 829 occurruut'et
1957 754 2068 848 ligura

438 862 537 932 etiam
557 859 683 930 uariant
706 861 742 928 in
763 847 890 954 lingula
910 849 1039 954 specie,
1064 877 1162 954 atque
1188 860 1222 925 in
1245 855 1400 925 omuibus
1423 850 1568 946 ejusdem
1592 851 1707 950 speciei
1739 855 1919 929 individuia
1946 851 2069 928 lrullra

439 980 653 1060 quaeruntur.
704 959 757 1030 Ob
776 960 834 1030 bar
851 963 994 1056 rationes
1013 982 1032 1028 c
1049 981 1192 1030 nuurero
1209 958 1461 1052 apotheciorurn
1478 979 1635 1028 verorum
1649 955 1792 1049 exclull‚
1820 978 1938 1058 utpote
1949 962 2068 1034 minua

439 1059 639 1149 conllautia,
664 1056 739 1132 licet
756 1083 835 1133 cum
855 1056 918 1132 illia
936 1063 972 1132 in
990 1059 1146 1132 omnibus
1167 1057 1244 1130 alias
1259 1060 1439 1129 conuenire
1457 1052 1640 1134 uideantur.

553 1307 716 1404 Cbplrtllar
730 1329 800 1378 non
823 1301 883 1378 nili
901 1309 934 1379 in
951 1308 1103 1380 suetae
1118 1310 1247 1380 Genere
1268 1295 1458 1375 observatae
1477 1296 1568 1389 suot,
1604 1299 1658 1377 lerl
1682 1309 1873 1408 neutiquam
1894 1309 1929 1384 in
1951 1311 2065 1380 omni.

438 1410 498 1484 but
517 1409 611 1502 bujue
629 1411 759 1508 generis
785 1402 960 1505 speciebus.
1023 1415 1135 1482 Primo
1153 1406 1370 1507 globulorum
1387 1401 1630 1477 minutulorum
1650 1409 1735 1478 intus
1750 1413 1900 1481 inanium
1918 1410 1971 1484 vel
1991 1409 2067 1507 pul·

440 1505 516 1583 aere
537 1509 738 1608 repletorum
760 1503 908 1581 sormam
933 1509 1070 1592 liabent,
1107 1514 1191 1581 intra
1217 1504 1424 1578 lubllantiam
1446 1505 1636 1580 corricalem
1659 1514 1798 1608 paginae
1820 1504 1947 1582 aversae
1971 1511 2065 1584 thalli

398 1656 407 1676 ι
438 1606 666 1692 inclusorum,
699 1609 777 1680 dein
803 1609 1008 1682 tuberculum
1030 1615 1063 1682 io
1087 1613 1146 1682 lrac
1164 1606 1233 1708 ipsa
1256 1611 1374 1708 pagina
1389 1601 1568 1679 efformant
1583 1630 1614 1681 et
1634 1633 1854 1706 rumpuntur.
1880 1611 2067 1710 pulverem,

438 1741 457 1787 e
478 1711 670 1810 Gongylis,
696 1729 732 1781 ut
749 1707 889 1795 videtur,
915 1712 1118 1784 conllanrem
1135 1711 1311 1784 demittunt
1325 1729 1356 1780 et
1372 1704 1523 1780 scutellae
1539 1714 1573 1782 io
1591 1707 1733 1784 modum
1749 1714 1933 1787 urceolatae
1949 1740 1987 1785 ae
2003 1719 2066 1786 iru-

438 1809 588 1898 mcrlae,
612 1807 721 1884 fundo
737 1837 887 1884 concavo
903 1833 934 1884 ct
951 1819 1101 1912 margine
1115 1813 1242 1886 elevato
1259 1813 1397 1892 einslae,
1423 1815 1524 1885 hiant.
1580 1817 1606 1884 Ε
1623 1807 1794 1886 substantia
1809 1817 1901 1888 thalli
1916 1813 2066 1888 corticali
2163 1799 2172 1810 ⁶

439 1937 574 2000 enatae,
600 1910 764 1986 consimili
781 1909 928 2012 gaudent
947 1913 1209 2012 compulitione‚
1234 1939 1334 2011 quare
1359 1916 1458 1983 etiam
1486 1916 1570 1985 intra
1594 1919 1821 2014 pareoebyma
1845 1912 2065 2016 lubgclatiuo·

439 2013 512 2092 sum
532 2011 677 2089 solidum
694 2009 887 2110 corpuscula
905 2017 960 2087 illa
977 2023 1104 2090 minuta
1124 2015 1304 2088 nidulanria
1324 2019 1548 2086 inveniuntur.
1607 2017 1715 2090 Color
1730 2015 1911 2120 superficiei
1929 2023 2064 2092 interio-

438 2123 482 2193 ria
497 2116 693 2217 plerumque
707 2115 798 2190 albua
813 2115 868 2188 ael
893 2116 1043 2216 pallidua.
1098 2122 1148 2192 De
1162 2113 1221 2189 usu
1237 2110 1480 2216 Cypbellarum
1505 2113 1587 2186 nihil
1609 2124 1688 2192 certi
1715 2123 1882 2192 norimus.
1941 2123 2065 2194 Utrum

438 2217 640 2318 receptacula
663 2222 835 2317 geniturae
859 2213 1021 2291 masculae
1040 2217 1103 2292 lint
1125 2225 1208 2292 intra
1231 2213 1436 2290 substanciam
1459 2215 1549 2288 tlaalli
1572 2213 1755 2292 femineum
1782 2221 1903 2294 liorem
1927 2220 2067 2296 foecun-

439 2319 565 2402 danm.
591 2347 633 2392 ao
654 2340 781 2392 tantum
798 2321 1050 2418 gongylorum,
1085 2320 1171 2396 baud
1199 2315 1295 2392 lacile
1320 2311 1457 2416 perspici
1486 2317 1604 2416 potell.
1655 2325 1793 2394 ⁴Primae
1818 2319 1994 2396 sententiae
2012 2349 2063 2396 re·

438 2441 584 2524 pugnat:
616 2445 644 2497 ι.
664 2417 844 2521 praeseutia
863 2424 1005 2520 pulveris
1020 2425 1084 2495 albi
1104 2424 1152 2496 uel
1169 2421 1244 2495 llaui
1257 2425 1293 2493 iu
1315 2421 1404 2491 tballi
1422 2409 1506 2491 lobia
1524 2413 1622 2517 sparli
1636 2423 1723 2517 apud
1747 2421 1862 2498 eadem
1879 2424 2064 2512 indiuidua,

439 2547 606 2626 quemque
629 2515 915 2622 pulvercm'limul
937 2530 1169 2622 progenitura
1197 2517 1339 2596 mascula
1365 2521 1483 2594 habent
1512 2517 1708 2600 lexualillac.
1769 2547 1803 2601 2.
1832 2523 1988 2602 Occlusro
2006 2525 2067 2620 cp·

439 2624 644 2728 phellarum‚
671 2621 806 2724 quaudo
820 2623 927 2698 adbuc
947 2629 1030 2698 iutra
1053 2627 1143 2700 thalli
1163 2621 1371 2698 lnbllaotiam
1393 2621 1520 2696 latitant
1540 2660 1590 2678 -
1611 2645 1644 2698 et
1667 2648 1815 2724 apertura
1839 2655 1954 2704 earum
1979 2625 2037 2702 ins
2050 2675 2064 2694 ·

441 2751 544 2828 quent
561 2746 705 2802 externa.
766 2727 922 2800 renuunt
948 2753 1018 2802 non
1041 2723 1104 2799 else
1121 2748 1206 2800 vetat
1229 2721 1406 2822 praesentia
1425 2742 1597 2796 coaetanea
1618 2729 1871 2822 apothecioruen
1895 2755 2065 2821 verorum,

440 2855 524 2931 quae
541 2833 638 2902 etiam
653 2823 743 2929 quafi
761 2823 906 2901 srulium
928 2848 1098 2930 reputant,
1122 2826 1244 2904 seauali
1258 2829 1445 2902 Lielreounr
1460 2831 1666 2899 conunercio
1692 2827 1828 2909 addieli.

554 3054 718 3128 Pulvinuli
737 3075 878 3150 corpora
903 3047 976 3124 sunt
997 3077 1017 3124 e
1037 3051 1172 3126 tantulis
1193 3052 1248 3127 vel
1267 3053 1433 3154 particulia
1455 3048 1668 3126 difformrbua
1681 3049 1884 3150 composita,
1915 3059 2065 3130 inuicem

440 3155 693 3228 cohaerentibua
708 3175 740 3226 et
755 3159 934 3242 concretio,
961 3151 1056 3226 limul
1080 3151 1192 3228 luentia
1222 3153 1363 3256 speeiem
1390 3153 1638 3229 lrotieulorum'
1654 3155 1703 3227 vel
1724 3155 1903 3252 globorum
1930 3179 2010 3254 prae
2032 3155 2066 3231 le

439 3251 641 3341 serentibus,
667 3281 685 3326 e
703 3251 874 3329 lubllanria
888 3255 978 3329 thalli
994 3257 1140 3330 corticali
1157 3261 1324 3352 originem
1341 3255 1491 3329 docentia
1506 3277 1539 3326 et
1553 3255 1664 3352 quoad
1683 3281 1880 3358 compagem
1898 3263 2065 3334 internam

440 3359 517 3430 huic
539 3355 667 3530 1ῑωίΙὶοᾶ
721 3354 818 3530 paler
834 3355 875 3430 de
890 3363 951 3448 laia,
969 3354 1061 3457 quod
1076 3355 1117 3432 cle
1130 3357 1221 3430 thalli
1233 3353 1404 3433 substantia
1423 3356 1570 3432 cortieali
1586 3352 1680 3458 supra
1697 3357 1779 3433 dial.
1830 3359 1959 3435 Colore
1973 3365 2065 3461 nigri

441 3459 643 3535 velatroviri
667 3483 702 3531 ea
736 3477 805 3532 unt.

555 3685 684 3756 Soredin
702 3675 766 3750 live
782 3681 922 3754 acervuli
944 3681 992 3754 illi
1008 3681 1212 3782 polveraeei‚
1245 3679 1315 3756 sere
1339 3675 1466 3778 semper
1489 3679 1575 3768 albi,
1609 3679 1802 3780 egongylia
1824 3679 1934 3756 liberie
1954 3681 2007 3756 vel
2028 3689 2063 3756 in

441 3781 596 3886 globulos
612 3788 758 3854 minutor
775 3785 935 3882 congellir
952 3783 1150 3883 composti,
1182 3787 1222 3856 ab
1244 3789 1282 3855 iia
1305 3781 1461 3880 dillingui
1477 3781 1615 3864 debeor,
1649 3803 1683 3854 ut
1700 3787 1844 3880 opinor,
1879 3787 1963 3856 uerit
1981 3807 2064 3882 apo·

440 3889 574 3969 themis,
600 3887 717 3982 quibua
736 3887 756 3956 8
767 3883 985 3980 pilomatir
1003 3890 1139 3960 Generis
1156 3879 1273 3984 species
1293 3883 1460 3982 gaudent,
1486 3904 1601 3980 utpote
1621 3909 1704 3982 quae
1723 3901 1848 3956 textura
1863 3903 1895 3958 et
1913 3883 2063 3958 coloreo

441 3983 532 4060 thalli
553 3989 668 4060 alienis
687 3980 834 4074 diversa,
861 4007 957 4086 atque
980 3993 1079 4060 ctiam
1099 3988 1139 4062 ab
1166 3989 1247 4076 illia,
1279 3991 1417 4086 quaein
1441 3984 1700 4059 Variolariic
1724 3983 1921 4084 quibusdam
1945 4009 2062 4060 occur.

442 4108 521 4161 runt
543 4116 582 4162 err
610 4079 681 4186 ipso
703 4087 806 4162 thallo
827 4087 999 4182 sorrnatia,
1037 4093 1246 4187 marginatis,
1279 4085 1437 4162 laminam
1464 4085 1669 4185 proligeram
1694 4085 1955 4174 includentibua‚
1994 4111 2065 4162 non

372 4185 376 4192 ⁴
441 4215 537 4272 raro,
582 4195 734 4288 inprimit
763 4195 797 4262 in
828 4189 984 4274 infantia,
1018 4191 1176 4264 acervulia
1198 4191 1315 4263 talibua
1339 4183 1612 4262 soredisortnibua
1637 4187 1797 4260 inllruslr's
1818 4207 1851 4262 et
1866 4187 1907 4260 ad
1928 4210 1964 4258 ea
1980 4196 2064 4261 reci.

441 4288 560 4391 pianda
576 4319 613 4364 ac
630 4287 772 4366 fovenda
788 4291 877 4391 quali
896 4289 1080 4383 dellinaria;
1116 4317 1193 4364 uam
1216 4295 1319 4364 hocce
1342 4287 1448 4362 modo
1473 4293 1614 4362 minime
1632 4309 1822 4383 comparata
1845 4285 1917 4362 sunt
1933 4285 2064 4365 locedia

442 4393 548 4468 llriete
571 4392 614 4468 lic
637 4391 743 4478 diesin,
777 4419 861 4490 quae
885 4417 934 4462 ex.
960 4418 1010 4488 gr.
1036 4417 1055 4462 e
1082 4393 1183 4464 rhollo
1207 4391 1453 4464 Romalinae
1484 4387 1733 4462 farinaceae
1759 4412 1791 4460 et
1819 4390 2063 4466 Alesloriac

441 4498 609 4593 jubatae
623 4513 820 4591 erumpunt,
846 4496 993 4590 quamvis
1012 4497 1199 4592 marginem
1220 4487 1350 4576 baseos,
1377 4483 1430 4560 sed
1450 4490 1571 4562 etlialli
1590 4485 1696 4564 nesure
1716 4488 1846 4564 dilatata
1863 4495 2067 4588 provenien·

442 4617 510 4670 tem
523 4591 683 4682 offerant,
710 4615 742 4666 et
763 4591 840 4664 inde
859 4611 958 4689 prout
970 4597 1141 4688 apothecia
1156 4618 1229 4664 vera
1250 4599 1304 4664 aix
1318 4587 1516 4666 conridemi
1536 4586 1668 4685 poliunt
1727 4593 1837 4669 Simili
1853 4593 1961 4667 morlo
1977 4621 2065 4668 mar·

441 4703 556 4798 glorta
572 4715 750 4774 occurrunt
766 4713 833 4766 tam
849 4697 883 4768 in
899 4693 1001 4769 thalla
1017 4697 1202 4772 lichenum
1217 4687 1445 4771 crusiaclormi
1468 4719 1568 4794 quara
1590 4687 1748 4772 soliaeeo.
1808 4693 1982 4770 l'nlrereua
2003 4701 2066 4770 So·

1958 4795 2071 4874 terlio.
