4342 5540
453 405 529 476 262
1047 351 1275 452 caecarent
1301 369 1498 470 lllyrnrina'.

560 586 772 688 longioribus
795 599 830 656 et
852 559 1007 654 flexnollc
1033 571 1165 664 differt,
1199 599 1262 650 nec
1288 601 1360 650 non
1381 575 1484 648 crulla
1510 571 1695 652 tenulifima
1719 593 1751 651 et
1777 571 1848 652 sere
1873 575 1974 655 nulla.
2024 583 2065 660 tt

560 699 716 792 Opegr.
738 682 885 762 timali
912 675 1066 769 discedit,
1093 680 1170 752 licet
1191 683 1269 754 huic
1291 685 1391 752 etiarn
1415 676 1548 768 storilir,
1575 675 1666 754 disco
1692 685 1836 754 omnino
1862 684 1971 778 plano.

472 839 519 936 B:
542 848 586 924 Ο.
609 849 759 942 tigrino:
784 831 889 914 c'rusla
908 827 1095 906 tenuissrina
1117 832 1209 916 albu
1235 833 1415 928 apotheciir
1439 825 1655 928 longiusculir
1679 827 1881 930 simplicibus
1896 833 1991 906 cedia
2009 829 2064 934 pas·

392 945 394 951 ’
528 948 589 1023 sina
608 947 794 1044 aggregatis
814 937 1145 1034 confluentibusque,
1171 929 1263 1006 disco
1288 927 1542 1006 concavinsculo
1565 931 1704 1006 demum
1728 935 1845 1034 plan0.

503 1075 705 1176 Opegrapha
727 1072 857 1168 tigrina·
874 1070 1012 1142 Tumcr.
1051 1063 1225 1135 Secundum
1237 1059 1395 1156 specimen
1411 1057 1541 1157 ttriffitnt.
1743 1153 1746 1163 1

502 1203 637 1277 Habitat
653 1201 686 1270 io
709 1195 805 1296 ligno
829 1211 1026 1264 truncorum
1043 1181 1359 1288 subpntrescentium
1384 1187 1533 1286 llngliae.
1573 1189 1713 1264 Tumor.
1771 1252 1778 1265 ,

502 1327 686 1430 Apothecia
710 1346 786 1394 raro
806 1319 960 1416 elongata
984 1319 1019 1386 iu
1045 1315 1150 1386 crulla
1172 1313 1225 1386 vel
1247 1309 1431 1388 tenuilstrna
1453 1311 1540 1387 nuda
1560 1316 1611 1388 vel
1631 1313 1721 1418 quali
1747 1280 1974 1422 pulverulenn
1988 1321 2064 1392 gin.

545 1447 724 1555 ¹aequabili
751 1443 942 1544 frequenter
965 1435 1089 1540 sparsa,
1115 1461 1171 1513 aut
1192 1445 1270 1514 hinc
1293 1437 1371 1512 inde
1391 1463 1604 1540 congregata.

502 1585 615 1658 Posset
641 1581 690 1648 uri
715 1573 860 1645 'uarietas
888 1565 930 1642 ad
962 1571 1117 1666 Opegr.
1146 1563 1215 1638 dia
1226 1569 1406 1668 phocam
1436 1563 1576 1652 referri,
1615 1565 1671 1642 sed
1706 1571 1752 1644 ob
1782 1571 1912 1646 cruslae
1941 1591 2063 1646 naturam

551 1677 721 1778 ‘Opegr.
749 1671 937 1774 signatae
961 1666 1173 1741 consimilem
1197 1690 1239 1743 et·
1257 1669 1407 1744 habiturn
1432 1674 1510 1746 huic
1536 1677 1642 1772 magis
1664 1681 2004 1778 appropinquantem,
2032 1673 2063 1746 ad

399 1859 402 1866 .
565 1787 653 1859 banc
682 1781 791 1880 potius
814 1769 1026 1850 referendam
1051 1775 1173 1871 putari.
1934 1776 1966 1798 ⁸·

408 2015 419 2026 '
456 2031 518 2108 27.
544 1999 856 2086 OPEGRAPHA
882 1999 1121 2098 depressa.

502 2141 548 2212 0.
573 2131 688 2208 Cruila
711 2129 871 2228 laevigna
894 2121 1196 2202 rimoso-areolam
1213 2123 1284 2199 alba
1292 2149 1305 2220 3
1328 2127 1507 2223 apotbeeiit
1525 2125 1651 2202 crullae
1673 2123 1894 2202 subimrnerfic
1920 2131 2006 2203 vadit
2023 2127 2067 2200 ob·
2141 2099 2142 2168 l

497 2273 505 2288 ·
565 2233 858 2439 ffipgpaellipticia
881 2230 1159 2332 longioribusque
1181 2222 1396 2360 snbflexnosta
1423 2226 1585 2306 conserti·
1608 2229 1877 2322 confluentibus,
1915 2227 2066 2308 discolato
2141 2347 2142 2350 Ἴ

504 2466 705 2566 opegrapba
724 2452 863 2534 rimosa.v
894 2461 1080 2534 Demean.
1096 2455 1269 2556 [κακίω
1281 2457 1411 2556 specim.
1432 2475 1466 2534 ct
1488 2453 1576 2538 Lot.
1598 2459 1751 2555 Bastiae,

504 2594 640 2669 Habitat
654 2585 696 2662 ad
715 2608 850 2696 truncqe
868 2581 1039 2684 Jugleodic
1059 2583 1198 2660 Gallice.
1232 2583 1384 2681 Dnsorrr.

505 2723 574 2794 vix
596 2719 731 2788 varietas
756 2717 845 2812 Ope
854 2711 1037 2811 grapbae
1060 2706 1253 2811 signatae
1275 2714 1323 2784 ob
1344 2709 1485 2785 crassam
1509 2705 1698 2786 crassiorem
1730 2709 1980 2812 cartilaginum
1997 2731 2070 2784 areo-

566 2819 667 2894 latarn
694 2815 947 2888 determinatam
972 2833 1004 2885 et
1030 2817 1202 2909 apothecia
1227 2812 1337 2890 eidem
1360 2810 1430 2890 lete
1453 2811 1607 2886 immersa
1636 2835 1734 2914 atque
1754 2841 1871 2913 parurn
1898 2810 1991 2914 supra
2013 2837 2070 2886 eam

463 2973 472 3020 ς
514 2949 519 2958 ·
568 2922 806 3022 promittentia.
868 2922 913 2988 lta
936 2911 1085 2990 conserta
1105 2910 1179 2988 sunt
1202 2935 1237 2986 ut
1260 2921 1295 2990 in
1320 2920 1476 2988 varietate
1496 2917 1674 3014 bapalea
1701 2921 1857 3019 Opegr.
1888 2916 2070 2992 slenocar·

568 3049 643 3123 pae
671 3041 704 3096 et
729 3024 886 3094 varietate
909 3011 1148 3114 sycbnotea
1175 3021 1330 3116 Opegr.
1355 3015 1580 3117 pedonrae.
2142 3021 2143 3104 l

506 3151 701 3252 Apotbeeiir
730 3147 910 3238 maioribus
944 3142 1153 3242 longioribut
1182 3141 1280 3216 etad
1306 3149 1414 3239 apices
1442 3147 1615 3221 attenuatis
1642 3147 1740 3220 etiarn
1767 3107 1984 3248 abOpegr.
2008 3137 2072 3216 dia·
2142 3145 2143 3160 ¹

567 3257 702 3356 phora
725 3275 765 3322 ac
785 3253 939 3348 Opegr.
965 3241 1105 3318 caesia
1129 3251 1275 3321 orunlno
1295 3241 1419 3322 differt.

461 3491 524 3568 28.
551 3469 861 3554 OPEGRAPHA
893 3472 1106 3572 pedonta.
1139 3496 1178 3550 rr.

509 3608 552 3680 0.
578 3601 682 3686 crusla
704 3597 977 3674 subdererrninata
998 3599 1250 3674 membranacea
1269 3595 1601 3686 cinereo-olivarnm
1635 3602 1819 3698 apotheciir
1836 3595 1987 3676 seffilibut
2006 3576 2072 3673 con·

568 3700 660 3878 feltris
675 3699 893 3878 lopginsculir
909 3699 1038 3802 rugofis
1065 3699 1219 3778 flexuosa
1242 3695 1568 3790 lubcnnflueutibua,
1599 3696 1693 3780 disco
1712 3703 1932 3784 canaliculato
1955 3703 2072 3780 demun

571 3833 592 3906 p
607 3831 673 3877 ano
699 3829 718 3874 e
733 3826 837 3879 erato.

504 3935 706 4034 Opcgtapba
724 3927 846 4028 fignata
862 3957 932 4006 vor.
958 3927 1102 4030 pedonta
1128 3927 1252 4008 Actae.
1269 3955 1324 4022 ap.
1343 3923 1490 4006 sebtetcb.
1515 3929 1569 4003 ΡΙ.
1594 3927 1654 4007 Cr.

507 4057 635 4135 Exsicc.
661 4057 804 4132 Settetct.
825 4059 941 4132 Plorat.
963 4061 1079 4155 crypt.
1097 4061 1223 4134 linet.
1254 4053 1345 4132 Cant.
1349 4079 1382 4148 5.
1408 4060 1496 4146 n.o'5.

506 4187 642 4259 Habitat
655 4187 689 4255 in
705 4185 829 4255 truncir
849 4185 929 4283 Fagi
944 4179 1120 4278 sylvaticae
1137 4182 1318 4256 Helvetiae.
1353 4183 1534 4256 Selleirlrrr.

507 4307 602 4382 Tam
625 4309 668 4379 ob
689 4307 830 4380 crnslarn
851 4303 1001 4408 glabsanr
1030 4310 1227 4384 viridantem
1250 4307 1300 4382 vel
1321 4313 1475 4382 cinereo·
1490 4299 1737 4398 tusescentem,
1774 4333 1877 4409 quam
1904 4311 2075 4412 apothetic-

572 4437 647 4484 runt
667 4411 816 4481 habitunt
844 4416 1018 4508 proprium
1044 4437 1080 4484 ut
1107 4409 1226 4512 specics
1250 4409 1400 4484 dissindla
1421 4407 1669 4486 consideranda.

510 4539 695 4639 Apothecia
714 4533 959 4632 quamplurima
980 4539 1134 4634 elongata
1157 4535 1351 4628 (sed'etiam
1378 4541 1440 4610 alia
1465 4512 1635 4626 breviora)
1660 4527 1779 4638 rugosa
1802 4533 1856 4612 sen
1879 4537 2078 4642 inaequablit

322 4639 330 4654 '
440 4651 447 4676 '
570 4662 695 4738 opaca,
721 4627 813 4710 disco
830 4641 868 4710 in
886 4643 983 4758 initio
999 4640 1218 4716 canaliculato
1239 4641 1417 4732 instruile,
1442 4635 1498 4716 sed
1523 4645 1579 4714 ltic
1599 4648 1736 4718 tandem
1757 4643 1902 4754 elevatur
1924 4669 1957 4722 et
1974 4645 2078 4740 margi·

2032 4763 2078 4818 nrt
