<?xml version="1.0" encoding="UTF-8"?>
<!DOCTYPE html PUBLIC "-//W3C//DTD XHTML 1.0 Transitional//EN"
    "http://www.w3.org/TR/xhtml1/DTD/xhtml1-transitional.dtd">
<html xmlns="http://www.w3.org/1999/xhtml" xml:lang="en" lang="en">
 <head>
  <title>
</title>
<meta http-equiv="Content-Type" content="text/html;charset=utf-8" />
  <meta name='ocr-system' content='tesseract 3.04.00' />
  <meta name='ocr-capabilities' content='ocr_page ocr_carea ocr_par ocr_line ocrx_word'/>
</head>
<body>
  <div class='ocr_page' id='page_1' title='image "./lichenographiau00achagoog_0102.png"; bbox 0 0 4398 5524; ppageno 0'>
   <div class='ocr_carea' id='block_1_1' title="bbox 739 1109 1081 1188">
    <p class='ocr_par' dir='ltr' id='par_1_1' title="bbox 739 1109 1081 1188">
     <span class='ocr_line' id='line_1_1' title="bbox 739 1109 1081 1188; baseline 0.012 -4"><span class='ocrx_word' id='word_1_1' title='bbox 739 1109 946 1186; x_wconf 77' lang='lat' dir='ltr'>GENUS</span> <span class='ocrx_word' id='word_1_2' title='bbox 994 1109 1081 1188; x_wconf 61' lang='lat' dir='ltr'><strong>XXc</strong></span> 
     </span>
    </p>
   </div>
   <div class='ocr_carea' id='block_1_2' title="bbox 499 1346 1332 1452">
    <p class='ocr_par' dir='ltr' id='par_1_2' title="bbox 499 1346 1332 1452">
     <span class='ocr_line' id='line_1_2' title="bbox 499 1346 1332 1452; baseline 0.013 -10"><span class='ocrx_word' id='word_1_3' title='bbox 499 1346 1332 1452; x_wconf 70' lang='lat' dir='ltr'><strong>Lsscnnottn.</strong></span> 
     </span>
    </p>
   </div>
   <div class='ocr_carea' id='block_1_3' title="bbox 556 1851 1220 1932">
    <p class='ocr_par' dir='ltr' id='par_1_3' title="bbox 556 1851 1220 1932">
     <span class='ocr_line' id='line_1_3' title="bbox 556 1851 1220 1932; baseline -0.005 -6"><span class='ocrx_word' id='word_1_4' title='bbox 556 1896 560 1906; x_wconf 93' lang='lat'>·</span> <span class='ocrx_word' id='word_1_5' title='bbox 610 1853 886 1927; x_wconf 71' lang='lat' dir='ltr'><strong>Cltararfler</strong></span> <span class='ocrx_word' id='word_1_6' title='bbox 933 1851 1220 1932; x_wconf 69' lang='lat' dir='ltr'><strong>Naturelir,</strong></span> 
     </span>
    </p>
   </div>
   <div class='ocr_carea' id='block_1_4' title="bbox 112 1994 1721 2198">
    <p class='ocr_par' dir='ltr' id='par_1_4' title="bbox 112 1994 1721 2198">
     <span class='ocr_line' id='line_1_4' title="bbox 112 1994 1721 2102; baseline -0.002 -27"><span class='ocrx_word' id='word_1_7' title='bbox 112 2004 348 2078; x_wconf 79' lang='lat' dir='ltr'><strong>Aeornrctunr</strong></span> <span class='ocrx_word' id='word_1_8' title='bbox 373 1996 595 2074; x_wconf 83' lang='lat' dir='ltr'><strong>orbiculatum</strong></span> <span class='ocrx_word' id='word_1_9' title='bbox 614 1995 754 2074; x_wconf 84' lang='lat' dir='ltr'><strong>craffum</strong></span> <span class='ocrx_word' id='word_1_10' title='bbox 780 1996 883 2075; x_wconf 83' lang='lat' dir='ltr'><strong>seffile</strong></span> <span class='ocrx_word' id='word_1_11' title='bbox 906 2002 1043 2076; x_wconf 86' lang='lat' dir='ltr'><strong>athallo</strong></span> <span class='ocrx_word' id='word_1_12' title='bbox 1062 1999 1267 2090; x_wconf 82' lang='lat' dir='ltr'><strong>formarunt,</strong></span> <span class='ocrx_word' id='word_1_13' title='bbox 1293 2002 1537 2102; x_wconf 76' lang='lat' dir='ltr'><strong>marginatutn,</strong></span> <span class='ocrx_word' id='word_1_14' title='bbox 1560 1994 1618 2071; x_wconf 82' lang='lat' dir='ltr'><strong>sub</strong></span> <span class='ocrx_word' id='word_1_15' title='bbox 1634 2023 1721 2073; x_wconf 86' lang='lat' dir='ltr'><strong>mar·</strong></span> 
     </span>
     <span class='ocr_line' id='line_1_5' title="bbox 211 2096 913 2198; baseline 0.009 -25"><span class='ocrx_word' id='word_1_16' title='bbox 211 2109 287 2197; x_wconf 83' lang='lat' dir='ltr'>gine</span> <span class='ocrx_word' id='word_1_17' title='bbox 307 2104 469 2190; x_wconf 83' lang='lat' dir='ltr'><strong>liberunt,</strong></span> <span class='ocrx_word' id='word_1_18' title='bbox 494 2096 585 2174; x_wconf 89' lang='lat' dir='ltr'><strong>disco</strong></span> <span class='ocrx_word' id='word_1_19' title='bbox 605 2101 913 2198; x_wconf 78' lang='lat' dir='ltr'><strong>plano-convexo.</strong></span> 
     </span>
    </p>
   </div>
   <div class='ocr_carea' id='block_1_5' title="bbox 208 2221 1722 2526">
    <p class='ocr_par' dir='ltr' id='par_1_5' title="bbox 208 2221 1722 2526">
     <span class='ocr_line' id='line_1_6' title="bbox 212 2221 1722 2324; baseline -0.003 -20"><span class='ocrx_word' id='word_1_20' title='bbox 212 2233 342 2304; x_wconf 79' lang='lat' dir='ltr'><strong>Lamina</strong></span> <span class='ocrx_word' id='word_1_21' title='bbox 362 2231 529 2324; x_wconf 69' lang='lat' dir='ltr'><strong>preligare</strong></span> <span class='ocrx_word' id='word_1_22' title='bbox 551 2221 678 2302; x_wconf 78' lang='lat' dir='ltr'><strong>discum</strong></span> <span class='ocrx_word' id='word_1_23' title='bbox 701 2231 866 2323; x_wconf 82' lang='lat' dir='ltr'><strong>apotherii</strong></span> <span class='ocrx_word' id='word_1_24' title='bbox 888 2223 1091 2313; x_wconf 79' lang='lat' dir='ltr'><strong>efformem,</strong></span> <span class='ocrx_word' id='word_1_25' title='bbox 1116 2229 1327 2302; x_wconf 69' lang='lat' dir='ltr'><strong>membranula</strong></span> <span class='ocrx_word' id='word_1_26' title='bbox 1346 2228 1496 2302; x_wconf 80' lang='lat' dir='ltr'><strong>colorate</strong></span> <span class='ocrx_word' id='word_1_27' title='bbox 1514 2229 1613 2312; x_wconf 73' lang='lat' dir='ltr'><strong>reeta,</strong></span> <span class='ocrx_word' id='word_1_28' title='bbox 1640 2251 1722 2300; x_wconf 84' lang='lat' dir='ltr'><strong>mor·</strong></span> 
     </span>
     <span class='ocr_line' id='line_1_7' title="bbox 235 2327 1722 2426; baseline 0 -26"><span class='ocrx_word' id='word_1_29' title='bbox 235 2336 282 2400; x_wconf 81' lang='lat' dir='ltr'><strong>ine</strong></span> <span class='ocrx_word' id='word_1_30' title='bbox 301 2329 437 2400; x_wconf 81' lang='lat' dir='ltr'><strong>tlrullode</strong></span> <span class='ocrx_word' id='word_1_31' title='bbox 457 2332 490 2400; x_wconf 88' lang='lat' dir='ltr'><strong>in</strong></span> <span class='ocrx_word' id='word_1_32' title='bbox 508 2329 776 2423; x_wconf 66' lang='lat' dir='ltr'><strong>ambitucincia,</strong></span> <span class='ocrx_word' id='word_1_33' title='bbox 804 2330 899 2425; x_wconf 83' lang='lat' dir='ltr'><strong>plana</strong></span> <span class='ocrx_word' id='word_1_34' title='bbox 922 2329 973 2402; x_wconf 85' lang='lat' dir='ltr'><strong>vel</strong></span> <span class='ocrx_word' id='word_1_35' title='bbox 998 2352 1147 2402; x_wconf 82' lang='lat' dir='ltr'><strong>convexa</strong></span> <span class='ocrx_word' id='word_1_36' title='bbox 1170 2327 1307 2426; x_wconf 80' lang='lat' dir='ltr'><strong>srmplex</strong></span> <span class='ocrx_word' id='word_1_37' title='bbox 1327 2334 1454 2417; x_wconf 82' lang='lat' dir='ltr'><strong>tennit3</strong></span> <span class='ocrx_word' id='word_1_38' title='bbox 1477 2329 1722 2425; x_wconf 73' lang='lat' dir='ltr'><strong>perreriqmrte</strong></span> 
     </span>
     <span class='ocr_line' id='line_1_8' title="bbox 208 2356 1600 2526; baseline 0 -26"><span class='ocrx_word' id='word_1_39' title='bbox 208 2356 452 2526; x_wconf 55' lang='lat' dir='ltr'><strong>fubgelatinoso</strong></span> <span class='ocrx_word' id='word_1_40' title='bbox 470 2425 689 2526; x_wconf 80' lang='lat' dir='ltr'><strong>utplurimum</strong></span> <span class='ocrx_word' id='word_1_41' title='bbox 705 2425 1002 2502; x_wconf 62' lang='lat' dir='ltr'><strong>cellulum-striato</strong></span> <span class='ocrx_word' id='word_1_42' title='bbox 1028 2426 1311 2514; x_wconf 80' lang='lat' dir='ltr'><strong>subreliculisero,</strong></span> <span class='ocrx_word' id='word_1_43' title='bbox 1338 2434 1439 2502; x_wconf 85' lang='lat' dir='ltr'><strong>rarius</strong></span> <span class='ocrx_word' id='word_1_44' title='bbox 1453 2426 1600 2503; x_wconf 85' lang='lat' dir='ltr'><strong>snnilari.</strong></span> 
     </span>
    </p>
   </div>
   <div class='ocr_carea' id='block_1_6' title="bbox 209 2547 1721 2753">
    <p class='ocr_par' dir='ltr' id='par_1_6' title="bbox 209 2547 1721 2753">
     <span class='ocr_line' id='line_1_9' title="bbox 210 2547 1721 2653; baseline -0.001 -27"><span class='ocrx_word' id='word_1_45' title='bbox 210 2555 354 2650; x_wconf 71' lang='lat' dir='ltr'><strong>Gongyi</strong></span> <span class='ocrx_word' id='word_1_46' title='bbox 365 2557 447 2624; x_wconf 84' lang='lat' dir='ltr'><strong>intra</strong></span> <span class='ocrx_word' id='word_1_47' title='bbox 460 2547 674 2625; x_wconf 79' lang='lat' dir='ltr'><strong>substantiam</strong></span> <span class='ocrx_word' id='word_1_48' title='bbox 692 2553 835 2626; x_wconf 75' lang='lat' dir='ltr'><strong>laminae</strong></span> <span class='ocrx_word' id='word_1_49' title='bbox 858 2554 1044 2653; x_wconf 80' lang='lat' dir='ltr'><strong>prol-igerae</strong></span> <span class='ocrx_word' id='word_1_50' title='bbox 1067 2552 1253 2628; x_wconf 81' lang='lat' dir='ltr'><strong>nidulan-tea</strong></span> <span class='ocrx_word' id='word_1_51' title='bbox 1270 2553 1350 2626; x_wconf 85' lang='lat' dir='ltr'><strong>nudi</strong></span> <span class='ocrx_word' id='word_1_52' title='bbox 1368 2551 1463 2651; x_wconf 75' lang='lat' dir='ltr'><strong>sparsi</strong></span> <span class='ocrx_word' id='word_1_53' title='bbox 1480 2552 1531 2626; x_wconf 87' lang='lat' dir='ltr'><strong>vel</strong></span> <span class='ocrx_word' id='word_1_54' title='bbox 1551 2559 1587 2626; x_wconf 90' lang='lat' dir='ltr'><strong>in</strong></span> <span class='ocrx_word' id='word_1_55' title='bbox 1604 2549 1721 2626; x_wconf 71' lang='lat' dir='ltr'><strong>malin·</strong></span> 
     </span>
     <span class='ocr_line' id='line_1_10' title="bbox 209 2650 1636 2753; baseline 0.003 -30"><span class='ocrx_word' id='word_1_56' title='bbox 209 2652 252 2724; x_wconf 78' lang='lat' dir='ltr'><strong>las</strong></span> <span class='ocrx_word' id='word_1_57' title='bbox 267 2654 433 2751; x_wconf 80' lang='lat' dir='ltr'><strong>oblongae</strong></span> <span class='ocrx_word' id='word_1_58' title='bbox 452 2653 644 2748; x_wconf 81' lang='lat' dir='ltr'><strong>irregulares</strong></span> <span class='ocrx_word' id='word_1_59' title='bbox 660 2651 775 2750; x_wconf 76' lang='lat' dir='ltr'><strong>pass&#39;nn</strong></span> <span class='ocrx_word' id='word_1_60' title='bbox 790 2650 952 2742; x_wconf 78' lang='lat' dir='ltr'>conserti,</span> <span class='ocrx_word' id='word_1_61' title='bbox 978 2661 1079 2753; x_wconf 86' lang='lat' dir='ltr'><strong>inque</strong></span> <span class='ocrx_word' id='word_1_62' title='bbox 1096 2655 1219 2728; x_wconf 83' lang='lat' dir='ltr'><strong>cellulis</strong></span> <span class='ocrx_word' id='word_1_63' title='bbox 1238 2652 1493 2726; x_wconf 82' lang='lat' dir='ltr'><strong>ssriaeiormibur</strong></span> <span class='ocrx_word' id='word_1_64' title='bbox 1510 2652 1636 2729; x_wconf 86' lang='lat' dir='ltr'><strong>inclust.</strong></span> 
     </span>
    </p>
   </div>
   <div class='ocr_carea' id='block_1_7' title="bbox 117 2775 1721 2980">
    <p class='ocr_par' dir='ltr' id='par_1_7' title="bbox 117 2775 1721 2980">
     <span class='ocr_line' id='line_1_11' title="bbox 117 2775 1721 2880; baseline 0.001 -30"><span class='ocrx_word' id='word_1_65' title='bbox 117 2777 279 2850; x_wconf 70' lang='lat' dir='ltr'><strong>Turnus</strong></span> <span class='ocrx_word' id='word_1_66' title='bbox 296 2777 476 2848; x_wconf 86' lang='lat' dir='ltr'><strong>crullaceus</strong></span> <span class='ocrx_word' id='word_1_67' title='bbox 492 2795 646 2849; x_wconf 73' lang='lat' dir='ltr'><strong>tartareus</strong></span> <span class='ocrx_word' id='word_1_68' title='bbox 671 2779 723 2850; x_wconf 89' lang='lat' dir='ltr'><strong>vel</strong></span> <span class='ocrx_word' id='word_1_69' title='bbox 742 2775 888 2878; x_wconf 81' lang='lat' dir='ltr'><strong>leprosus</strong></span> <span class='ocrx_word' id='word_1_70' title='bbox 914 2801 944 2850; x_wconf 92' lang='lat' dir='ltr'><strong>et</strong></span> <span class='ocrx_word' id='word_1_71' title='bbox 965 2775 1268 2880; x_wconf 78' lang='lat' dir='ltr'><strong>subcrrtilagineut‚</strong></span> <span class='ocrx_word' id='word_1_72' title='bbox 1290 2799 1345 2853; x_wconf 78' lang='lat' dir='ltr'><strong>eut</strong></span> <span class='ocrx_word' id='word_1_73' title='bbox 1368 2775 1547 2874; x_wconf 63' lang='lat' dir='ltr'><strong>uniformit</strong></span> <span class='ocrx_word' id='word_1_74' title='bbox 1567 2777 1721 2878; x_wconf 63' lang='lat' dir='ltr'><strong>deterrui·</strong></span> 
     </span>
     <span class='ocr_line' id='line_1_12' title="bbox 215 2873 1036 2980; baseline 0.002 -29"><span class='ocrx_word' id='word_1_75' title='bbox 215 2897 305 2951; x_wconf 79' lang='lat' dir='ltr'><strong>netur</strong></span> <span class='ocrx_word' id='word_1_76' title='bbox 320 2877 374 2952; x_wconf 85' lang='lat' dir='ltr'><strong>vel</strong></span> <span class='ocrx_word' id='word_1_77' title='bbox 392 2873 533 2968; x_wconf 78' lang='lat' dir='ltr'><strong>effusus,</strong></span> <span class='ocrx_word' id='word_1_78' title='bbox 557 2897 613 2951; x_wconf 86' lang='lat' dir='ltr'><strong>rot</strong></span> <span class='ocrx_word' id='word_1_79' title='bbox 629 2877 819 2980; x_wconf 81' lang='lat' dir='ltr'><strong>effiguratos</strong></span> <span class='ocrx_word' id='word_1_80' title='bbox 836 2877 1036 2953; x_wconf 55' lang='lat' dir='ltr'><strong>sublebeturc</strong></span> 
     </span>
    </p>
   </div>
   <div class='ocr_carea' id='block_1_8' title="bbox 694 3301 1118 3387">
    <p class='ocr_par' dir='ltr' id='par_1_8' title="bbox 694 3301 1118 3387">
     <span class='ocr_line' id='line_1_13' title="bbox 694 3301 1118 3387; baseline 0 -2"><span class='ocrx_word' id='word_1_81' title='bbox 694 3301 1118 3387; x_wconf 62' lang='lat' dir='ltr'><strong>observationes.</strong></span> 
     </span>
    </p>
   </div>
   <div class='ocr_carea' id='block_1_9' title="bbox 105 3433 1719 4862">
    <p class='ocr_par' dir='ltr' id='par_1_9' title="bbox 105 3433 1719 4846">
     <span class='ocr_line' id='line_1_14' title="bbox 111 3433 1719 3624; baseline 0.007 -94"><span class='ocrx_word' id='word_1_82' title='bbox 111 3433 253 3624; x_wconf 71' lang='lat' dir='ltr'><strong>Hujus</strong></span> <span class='ocrx_word' id='word_1_83' title='bbox 275 3460 416 3532; x_wconf 74' lang='lat' dir='ltr'><strong>Generis</strong></span> <span class='ocrx_word' id='word_1_84' title='bbox 440 3461 617 3556; x_wconf 78' lang='lat' dir='ltr'><strong>Apothecia</strong></span> <span class='ocrx_word' id='word_1_85' title='bbox 636 3459 795 3558; x_wconf 11' lang='lat' dir='ltr'><strong>inutirello</strong></span> <span class='ocrx_word' id='word_1_86' title='bbox 814 3457 927 3532; x_wconf 84' lang='lat' dir='ltr'><strong>seffilia</strong></span> <span class='ocrx_word' id='word_1_87' title='bbox 949 3484 1010 3558; x_wconf 89' lang='lat' dir='ltr'><strong>pro</strong></span> <span class='ocrx_word' id='word_1_88' title='bbox 1030 3466 1175 3534; x_wconf 70' lang='lat' dir='ltr'><strong>unanima</strong></span> <span class='ocrx_word' id='word_1_89' title='bbox 1192 3455 1246 3536; x_wconf 80' lang='lat' dir='ltr'><strong>sua</strong></span> <span class='ocrx_word' id='word_1_90' title='bbox 1267 3479 1357 3560; x_wconf 81' lang='lat' dir='ltr'><strong>parte</strong></span> <span class='ocrx_word' id='word_1_91' title='bbox 1376 3487 1394 3534; x_wconf 94' lang='lat' dir='ltr'><strong>e</strong></span> <span class='ocrx_word' id='word_1_92' title='bbox 1413 3460 1517 3536; x_wconf 79' lang='lat' dir='ltr'><strong>erulla</strong></span> <span class='ocrx_word' id='word_1_93' title='bbox 1538 3457 1719 3561; x_wconf 78' lang='lat' dir='ltr'><strong>ipsaniam</strong></span> 
     </span>
     <span class='ocr_line' id='line_1_15' title="bbox 217 3552 1719 3666; baseline 0.004 -33"><span class='ocrx_word' id='word_1_94' title='bbox 217 3557 364 3633; x_wconf 81' lang='lat' dir='ltr'><strong>formata</strong></span> <span class='ocrx_word' id='word_1_95' title='bbox 384 3579 415 3631; x_wconf 94' lang='lat' dir='ltr'><strong>et</strong></span> <span class='ocrx_word' id='word_1_96' title='bbox 435 3557 543 3631; x_wconf 81' lang='lat' dir='ltr'><strong>eidem</strong></span> <span class='ocrx_word' id='word_1_97' title='bbox 562 3558 743 3632; x_wconf 75' lang='lat' dir='ltr'><strong>concolora</strong></span> <span class='ocrx_word' id='word_1_98' title='bbox 766 3552 858 3642; x_wconf 83' lang='lat' dir='ltr'><strong>sunt,</strong></span> <span class='ocrx_word' id='word_1_99' title='bbox 885 3581 1016 3656; x_wconf 82' lang='lat' dir='ltr'><strong>excepta</strong></span> <span class='ocrx_word' id='word_1_100' title='bbox 1041 3582 1150 3633; x_wconf 87' lang='lat' dir='ltr'><strong>tamen</strong></span> <span class='ocrx_word' id='word_1_101' title='bbox 1171 3564 1226 3636; x_wconf 90' lang='lat' dir='ltr'><strong>illa</strong></span> <span class='ocrx_word' id='word_1_102' title='bbox 1244 3587 1363 3634; x_wconf 87' lang='lat' dir='ltr'><strong>eorrnn</strong></span> <span class='ocrx_word' id='word_1_103' title='bbox 1380 3566 1608 3660; x_wconf 75' lang='lat' dir='ltr'><strong>portiuncula,</strong></span> <span class='ocrx_word' id='word_1_104' title='bbox 1635 3589 1719 3666; x_wconf 83' lang='lat' dir='ltr'><strong>quae</strong></span> 
     </span>
     <span class='ocr_line' id='line_1_16' title="bbox 112 3651 1718 3758; baseline 0.009 -32"><span class='ocrx_word' id='word_1_105' title='bbox 112 3655 219 3732; x_wconf 87' lang='lat' dir='ltr'><strong>discum</strong></span> <span class='ocrx_word' id='word_1_106' title='bbox 232 3657 331 3758; x_wconf 84' lang='lat' dir='ltr'><strong>supra</strong></span> <span class='ocrx_word' id='word_1_107' title='bbox 349 3664 448 3757; x_wconf 84' lang='lat' dir='ltr'><strong>tegit;</strong></span> <span class='ocrx_word' id='word_1_108' title='bbox 474 3658 623 3758; x_wconf 86' lang='lat' dir='ltr'><strong>adeoque</strong></span> <span class='ocrx_word' id='word_1_109' title='bbox 639 3667 724 3732; x_wconf 80' lang='lat' dir='ltr'><strong>intur</strong></span> <span class='ocrx_word' id='word_1_110' title='bbox 739 3687 757 3732; x_wconf 93' lang='lat' dir='ltr'><strong>e</strong></span> <span class='ocrx_word' id='word_1_111' title='bbox 772 3656 943 3732; x_wconf 74' lang='lat' dir='ltr'><strong>substantia</strong></span> <span class='ocrx_word' id='word_1_112' title='bbox 963 3657 1136 3733; x_wconf 80' lang='lat' dir='ltr'><strong>medullari</strong></span> <span class='ocrx_word' id='word_1_113' title='bbox 1153 3665 1242 3737; x_wconf 85' lang='lat' dir='ltr'><strong>thalli</strong></span> <span class='ocrx_word' id='word_1_114' title='bbox 1264 3686 1295 3736; x_wconf 93' lang='lat' dir='ltr'><strong>et</strong></span> <span class='ocrx_word' id='word_1_115' title='bbox 1312 3682 1414 3748; x_wconf 74' lang='lat' dir='ltr'><strong>extus,</strong></span> <span class='ocrx_word' id='word_1_116' title='bbox 1441 3651 1562 3738; x_wconf 85' lang='lat' dir='ltr'><strong>scilicet</strong></span> <span class='ocrx_word' id='word_1_117' title='bbox 1578 3663 1612 3738; x_wconf 87' lang='lat' dir='ltr'><strong>in</strong></span> <span class='ocrx_word' id='word_1_118' title='bbox 1630 3695 1718 3740; x_wconf 83' lang='lat' dir='ltr'><strong>rnat-</strong></span> 
     </span>
     <span class='ocr_line' id='line_1_17' title="bbox 111 3755 1717 3864; baseline 0.008 -38"><span class='ocrx_word' id='word_1_119' title='bbox 111 3763 175 3852; x_wconf 81' lang='lat' dir='ltr'><strong>gine</strong></span> <span class='ocrx_word' id='word_1_120' title='bbox 189 3783 219 3834; x_wconf 88' lang='lat' dir='ltr'><strong>et</strong></span> <span class='ocrx_word' id='word_1_121' title='bbox 238 3767 275 3834; x_wconf 87' lang='lat' dir='ltr'><strong>irt</strong></span> <span class='ocrx_word' id='word_1_122' title='bbox 297 3763 425 3832; x_wconf 75' lang='lat' dir='ltr'><strong>ambitu</strong></span> <span class='ocrx_word' id='word_1_123' title='bbox 446 3755 506 3831; x_wconf 82' lang='lat' dir='ltr'><strong>sub</strong></span> <span class='ocrx_word' id='word_1_124' title='bbox 525 3765 674 3857; x_wconf 78' lang='lat' dir='ltr'><strong>margine</strong></span> <span class='ocrx_word' id='word_1_125' title='bbox 690 3757 762 3833; x_wconf 80' lang='lat' dir='ltr'><strong>sere</strong></span> <span class='ocrx_word' id='word_1_126' title='bbox 784 3761 914 3847; x_wconf 67' lang='lat' dir='ltr'><strong>libero,</strong></span> <span class='ocrx_word' id='word_1_127' title='bbox 944 3764 985 3833; x_wconf 86' lang='lat' dir='ltr'><strong>ab</strong></span> <span class='ocrx_word' id='word_1_128' title='bbox 1006 3759 1153 3856; x_wconf 71' lang='lat' dir='ltr'><strong>ejusdem</strong></span> <span class='ocrx_word' id='word_1_129' title='bbox 1172 3760 1343 3837; x_wconf 77' lang='lat' dir='ltr'><strong>substantia</strong></span> <span class='ocrx_word' id='word_1_130' title='bbox 1368 3765 1514 3838; x_wconf 87' lang='lat' dir='ltr'><strong>cortieali</strong></span> <span class='ocrx_word' id='word_1_131' title='bbox 1532 3765 1717 3864; x_wconf 79' lang='lat' dir='ltr'><strong>compolite</strong></span> 
     </span>
     <span class='ocr_line' id='line_1_18' title="bbox 111 3855 1718 3962; baseline 0.007 -35"><span class='ocrx_word' id='word_1_132' title='bbox 111 3855 179 3934; x_wconf 81' lang='lat' dir='ltr'><strong>sunt.</strong></span> <span class='ocrx_word' id='word_1_133' title='bbox 228 3869 255 3935; x_wconf 80' lang='lat' dir='ltr'>A</span> <span class='ocrx_word' id='word_1_134' title='bbox 279 3857 396 3933; x_wconf 82' lang='lat' dir='ltr'><strong>forma</strong></span> <span class='ocrx_word' id='word_1_135' title='bbox 418 3861 557 3932; x_wconf 87' lang='lat' dir='ltr'><strong>naturali</strong></span> <span class='ocrx_word' id='word_1_136' title='bbox 580 3864 692 3933; x_wconf 67' lang='lat' dir='ltr'><strong>exrdle</strong></span> <span class='ocrx_word' id='word_1_137' title='bbox 717 3861 892 3934; x_wconf 85' lang='lat' dir='ltr'><strong>orbiculari</strong></span> <span class='ocrx_word' id='word_1_138' title='bbox 917 3860 1091 3951; x_wconf 86' lang='lat' dir='ltr'><strong>recedunt,</strong></span> <span class='ocrx_word' id='word_1_139' title='bbox 1123 3861 1257 3961; x_wconf 87' lang='lat' dir='ltr'><strong>quando</strong></span> <span class='ocrx_word' id='word_1_140' title='bbox 1280 3866 1326 3937; x_wconf 84' lang='lat' dir='ltr'><strong>ob</strong></span> <span class='ocrx_word' id='word_1_141' title='bbox 1347 3861 1566 3962; x_wconf 70' lang='lat' dir='ltr'><strong>frequentiam</strong></span> <span class='ocrx_word' id='word_1_142' title='bbox 1589 3887 1620 3938; x_wconf 88' lang='lat' dir='ltr'><strong>et</strong></span> <span class='ocrx_word' id='word_1_143' title='bbox 1644 3893 1718 3938; x_wconf 86' lang='lat' dir='ltr'><strong>mu·</strong></span> 
     </span>
     <span class='ocr_line' id='line_1_19' title="bbox 110 3959 1718 4060; baseline 0.006 -32"><span class='ocrx_word' id='word_1_144' title='bbox 110 3977 183 4034; x_wconf 83' lang='lat' dir='ltr'><strong>turm</strong></span> <span class='ocrx_word' id='word_1_145' title='bbox 197 3961 402 4060; x_wconf 83' lang='lat' dir='ltr'><strong>preffionem</strong></span> <span class='ocrx_word' id='word_1_146' title='bbox 419 3963 607 4060; x_wconf 71' lang='lat' dir='ltr'><strong>irregularia</strong></span> <span class='ocrx_word' id='word_1_147' title='bbox 625 3960 786 4048; x_wconf 83' lang='lat' dir='ltr'><strong>eredunt,</strong></span> <span class='ocrx_word' id='word_1_148' title='bbox 814 3959 867 4034; x_wconf 87' lang='lat' dir='ltr'><strong>sed</strong></span> <span class='ocrx_word' id='word_1_149' title='bbox 893 3983 922 4034; x_wconf 90' lang='lat' dir='ltr'><strong>et</strong></span> <span class='ocrx_word' id='word_1_150' title='bbox 941 3990 998 4060; x_wconf 86' lang='lat' dir='ltr'><strong>per</strong></span> <span class='ocrx_word' id='word_1_151' title='bbox 1020 3981 1157 4036; x_wconf 85' lang='lat' dir='ltr'><strong>aetatem</strong></span> <span class='ocrx_word' id='word_1_152' title='bbox 1179 3964 1312 4038; x_wconf 88' lang='lat' dir='ltr'><strong>tandem</strong></span> <span class='ocrx_word' id='word_1_153' title='bbox 1334 3963 1479 4038; x_wconf 82' lang='lat' dir='ltr'><strong>flexuosa</strong></span> <span class='ocrx_word' id='word_1_154' title='bbox 1497 3986 1528 4036; x_wconf 93' lang='lat' dir='ltr'><strong>et</strong></span> <span class='ocrx_word' id='word_1_155' title='bbox 1545 3962 1718 4038; x_wconf 80' lang='lat' dir='ltr'><strong>difformie</strong></span> 
     </span>
     <span class='ocr_line' id='line_1_20' title="bbox 109 4057 1718 4164; baseline 0.009 -37"><span class='ocrx_word' id='word_1_156' title='bbox 109 4058 195 4134; x_wconf 84' lang='lat' dir='ltr'><strong>fiunt:</strong></span> <span class='ocrx_word' id='word_1_157' title='bbox 229 4057 364 4161; x_wconf 85' lang='lat' dir='ltr'><strong>semper</strong></span> <span class='ocrx_word' id='word_1_158' title='bbox 377 4058 446 4133; x_wconf 80' lang='lat' dir='ltr'><strong>fere</strong></span> <span class='ocrx_word' id='word_1_159' title='bbox 464 4057 562 4133; x_wconf 81' lang='lat' dir='ltr'><strong>craffa</strong></span> <span class='ocrx_word' id='word_1_160' title='bbox 581 4081 612 4133; x_wconf 85' lang='lat' dir='ltr'><strong>et</strong></span> <span class='ocrx_word' id='word_1_161' title='bbox 631 4060 777 4148; x_wconf 84' lang='lat' dir='ltr'><strong>tumida,</strong></span> <span class='ocrx_word' id='word_1_162' title='bbox 803 4065 954 4154; x_wconf 81' lang='lat' dir='ltr'><strong>margine</strong></span> <span class='ocrx_word' id='word_1_163' title='bbox 976 4063 1122 4137; x_wconf 83' lang='lat' dir='ltr'><strong>thallode</strong></span> <span class='ocrx_word' id='word_1_164' title='bbox 1144 4073 1246 4138; x_wconf 80' lang='lat' dir='ltr'><strong>etiarn</strong></span> <span class='ocrx_word' id='word_1_165' title='bbox 1262 4064 1374 4136; x_wconf 82' lang='lat' dir='ltr'><strong>valido</strong></span> <span class='ocrx_word' id='word_1_166' title='bbox 1395 4069 1553 4164; x_wconf 86' lang='lat' dir='ltr'><strong>integro,</strong></span> <span class='ocrx_word' id='word_1_167' title='bbox 1579 4062 1632 4136; x_wconf 88' lang='lat' dir='ltr'><strong>vel</strong></span> <span class='ocrx_word' id='word_1_168' title='bbox 1648 4095 1718 4141; x_wconf 88' lang='lat' dir='ltr'><strong>cre·</strong></span> 
     </span>
     <span class='ocr_line' id='line_1_21' title="bbox 108 4157 1717 4265; baseline 0.006 -35"><span class='ocrx_word' id='word_1_169' title='bbox 108 4161 228 4251; x_wconf 70' lang='lat' dir='ltr'><strong>nolito,</strong></span> <span class='ocrx_word' id='word_1_170' title='bbox 249 4165 405 4250; x_wconf 81' lang='lat' dir='ltr'><strong>elevato,</strong></span> <span class='ocrx_word' id='word_1_171' title='bbox 430 4157 607 4259; x_wconf 80' lang='lat' dir='ltr'><strong>eliquendo</strong></span> <span class='ocrx_word' id='word_1_172' title='bbox 622 4184 734 4235; x_wconf 83' lang='lat' dir='ltr'><strong>temen</strong></span> <span class='ocrx_word' id='word_1_173' title='bbox 749 4159 977 4246; x_wconf 76' lang='lat' dir='ltr'><strong>evanescente,</strong></span> <span class='ocrx_word' id='word_1_174' title='bbox 1005 4172 1202 4262; x_wconf 74' lang='lat' dir='ltr'><strong>cinguntnre</strong></span> <span class='ocrx_word' id='word_1_175' title='bbox 1233 4191 1272 4238; x_wconf 82' lang='lat' dir='ltr'><strong>ex</strong></span> <span class='ocrx_word' id='word_1_176' title='bbox 1293 4169 1481 4238; x_wconf 79' lang='lat' dir='ltr'><strong>eminentiis</strong></span> <span class='ocrx_word' id='word_1_177' title='bbox 1502 4161 1717 4265; x_wconf 85' lang='lat' dir='ltr'><strong>granifornti·</strong></span> 
     </span>
     <span class='ocr_line' id='line_1_22' title="bbox 108 4260 1718 4369; baseline 0.009 -40"><span class='ocrx_word' id='word_1_178' title='bbox 108 4261 201 4332; x_wconf 83' lang='lat' dir='ltr'><strong>buret</strong></span> <span class='ocrx_word' id='word_1_179' title='bbox 223 4261 413 4336; x_wconf 74' lang='lat' dir='ltr'><strong>verrucosa</strong></span> <span class='ocrx_word' id='word_1_180' title='bbox 434 4264 522 4334; x_wconf 83' lang='lat' dir='ltr'><strong>thalli</strong></span> <span class='ocrx_word' id='word_1_181' title='bbox 549 4266 583 4334; x_wconf 88' lang='lat' dir='ltr'><strong>in</strong></span> <span class='ocrx_word' id='word_1_182' title='bbox 609 4261 797 4360; x_wconf 87' lang='lat' dir='ltr'><strong>primordio</strong></span> <span class='ocrx_word' id='word_1_183' title='bbox 824 4260 1029 4339; x_wconf 82' lang='lat' dir='ltr'><strong>formantur:</strong></span> <span class='ocrx_word' id='word_1_184' title='bbox 1066 4265 1181 4364; x_wconf 82' lang='lat' dir='ltr'><strong>supra,</strong></span> <span class='ocrx_word' id='word_1_185' title='bbox 1213 4271 1349 4339; x_wconf 79' lang='lat' dir='ltr'><strong>erinna</strong></span> <span class='ocrx_word' id='word_1_186' title='bbox 1375 4273 1582 4364; x_wconf 70' lang='lat' dir='ltr'><strong>marginem,</strong></span> <span class='ocrx_word' id='word_1_187' title='bbox 1618 4295 1718 4369; x_wconf 86' lang='lat' dir='ltr'><strong>quern</strong></span> 
     </span>
     <span class='ocr_line' id='line_1_23' title="bbox 105 4357 1718 4467; baseline 0.009 -37"><span class='ocrx_word' id='word_1_188' title='bbox 105 4357 185 4458; x_wconf 81' lang='lat' dir='ltr'><strong>saepe</strong></span> <span class='ocrx_word' id='word_1_189' title='bbox 202 4363 314 4460; x_wconf 83' lang='lat' dir='ltr'><strong>pollea</strong></span> <span class='ocrx_word' id='word_1_190' title='bbox 334 4361 462 4436; x_wconf 83' lang='lat' dir='ltr'><strong>excedit</strong></span> <span class='ocrx_word' id='word_1_191' title='bbox 480 4383 510 4436; x_wconf 90' lang='lat' dir='ltr'><strong>et</strong></span> <span class='ocrx_word' id='word_1_192' title='bbox 527 4360 672 4462; x_wconf 83' lang='lat' dir='ltr'><strong>superet,</strong></span> <span class='ocrx_word' id='word_1_193' title='bbox 699 4384 852 4464; x_wconf 88' lang='lat' dir='ltr'><strong>teguntur</strong></span> <span class='ocrx_word' id='word_1_194' title='bbox 865 4363 988 4436; x_wconf 85' lang='lat' dir='ltr'><strong>lamina</strong></span> <span class='ocrx_word' id='word_1_195' title='bbox 1003 4365 1239 4465; x_wconf 81' lang='lat' dir='ltr'><strong>gongylifere,</strong></span> <span class='ocrx_word' id='word_1_196' title='bbox 1265 4373 1320 4440; x_wconf 81' lang='lat' dir='ltr'><strong>vix</strong></span> <span class='ocrx_word' id='word_1_197' title='bbox 1335 4393 1492 4467; x_wconf 87' lang='lat' dir='ltr'><strong>umquam</strong></span> <span class='ocrx_word' id='word_1_198' title='bbox 1513 4371 1617 4443; x_wconf 85' lang='lat' dir='ltr'><strong>thallo</strong></span> <span class='ocrx_word' id='word_1_199' title='bbox 1636 4397 1718 4443; x_wconf 90' lang='lat' dir='ltr'><strong>con·</strong></span> 
     </span>
     <span class='ocr_line' id='line_1_24' title="bbox 108 4459 1718 4566; baseline 0.008 -36"><span class='ocrx_word' id='word_1_200' title='bbox 108 4463 222 4554; x_wconf 87' lang='lat' dir='ltr'><strong>colora,</strong></span> <span class='ocrx_word' id='word_1_201' title='bbox 258 4460 315 4536; x_wconf 88' lang='lat' dir='ltr'><strong>sed</strong></span> <span class='ocrx_word' id='word_1_202' title='bbox 334 4491 352 4534; x_wconf 83' lang='lat' dir='ltr'><strong>a</strong></span> <span class='ocrx_word' id='word_1_203' title='bbox 373 4460 555 4554; x_wconf 75' lang='lat' dir='ltr'><strong>subiacente</strong></span> <span class='ocrx_word' id='word_1_204' title='bbox 573 4469 735 4563; x_wconf 76' lang='lat' dir='ltr'><strong>apothecii</strong></span> <span class='ocrx_word' id='word_1_205' title='bbox 753 4459 924 4540; x_wconf 78' lang='lat' dir='ltr'><strong>subliantie</strong></span> <span class='ocrx_word' id='word_1_206' title='bbox 942 4491 1012 4539; x_wconf 87' lang='lat' dir='ltr'><strong>non</strong></span> <span class='ocrx_word' id='word_1_207' title='bbox 1029 4493 1105 4540; x_wconf 84' lang='lat' dir='ltr'><strong>raro</strong></span> <span class='ocrx_word' id='word_1_208' title='bbox 1125 4470 1266 4558; x_wconf 79' lang='lat' dir='ltr'><strong>elevata,</strong></span> <span class='ocrx_word' id='word_1_209' title='bbox 1296 4493 1441 4541; x_wconf 83' lang='lat' dir='ltr'><strong>convexa</strong></span> <span class='ocrx_word' id='word_1_210' title='bbox 1462 4473 1570 4540; x_wconf 86' lang='lat' dir='ltr'><strong>immo</strong></span> <span class='ocrx_word' id='word_1_211' title='bbox 1587 4468 1718 4566; x_wconf 83' lang='lat' dir='ltr'><strong>subglo·</strong></span> 
     </span>
     <span class='ocr_line' id='line_1_25' title="bbox 106 4562 1719 4667; baseline 0.006 -34"><span class='ocrx_word' id='word_1_212' title='bbox 106 4563 168 4637; x_wconf 86' lang='lat' dir='ltr'><strong>bosa</strong></span> <span class='ocrx_word' id='word_1_213' title='bbox 183 4564 358 4643; x_wconf 84' lang='lat' dir='ltr'><strong>evadente.</strong></span> <span class='ocrx_word' id='word_1_214' title='bbox 421 4562 586 4663; x_wconf 80' lang='lat' dir='ltr'><strong>Singulari</strong></span> <span class='ocrx_word' id='word_1_215' title='bbox 613 4563 831 4666; x_wconf 80' lang='lat' dir='ltr'><strong>quarumdam</strong></span> <span class='ocrx_word' id='word_1_216' title='bbox 857 4565 1038 4662; x_wconf 79' lang='lat' dir='ltr'><strong>specierum</strong></span> <span class='ocrx_word' id='word_1_217' title='bbox 1063 4567 1322 4667; x_wconf 82' lang='lat' dir='ltr'><strong>metamorphofi</strong></span> <span class='ocrx_word' id='word_1_218' title='bbox 1342 4592 1460 4666; x_wconf 85' lang='lat' dir='ltr'><strong>margo</strong></span> <span class='ocrx_word' id='word_1_219' title='bbox 1481 4569 1640 4641; x_wconf 82' lang='lat' dir='ltr'><strong>thailoder</strong></span> <span class='ocrx_word' id='word_1_220' title='bbox 1660 4597 1719 4667; x_wconf 86' lang='lat' dir='ltr'><strong>per</strong></span> 
     </span>
     <span class='ocr_line' id='line_1_26' title="bbox 105 4661 1718 4846; baseline 0.001 -106"><span class='ocrx_word' id='word_1_221' title='bbox 105 4687 226 4752; x_wconf 68' lang='lat' dir='ltr'><strong>aetatem</strong></span> <span class='ocrx_word' id='word_1_222' title='bbox 248 4661 418 4766; x_wconf 70' lang='lat' dir='ltr'><strong>evanescit</strong></span> <span class='ocrx_word' id='word_1_223' title='bbox 441 4685 472 4740; x_wconf 86' lang='lat' dir='ltr'><strong>et</strong></span> <span class='ocrx_word' id='word_1_224' title='bbox 492 4663 799 4788; x_wconf 51' lang='lat' dir='ltr'><strong>ltmitreproligera</strong></span> <span class='ocrx_word' id='word_1_225' title='bbox 822 4663 987 4745; x_wconf 82' lang='lat' dir='ltr'><strong>discoidea</strong></span> <span class='ocrx_word' id='word_1_226' title='bbox 1009 4673 1053 4742; x_wconf 83' lang='lat' dir='ltr'><strong>ite</strong></span> <span class='ocrx_word' id='word_1_227' title='bbox 1074 4667 1225 4744; x_wconf 86' lang='lat' dir='ltr'><strong>dilatatur</strong></span> <span class='ocrx_word' id='word_1_228' title='bbox 1245 4689 1280 4742; x_wconf 91' lang='lat' dir='ltr'><strong>ut</strong></span> <span class='ocrx_word' id='word_1_229' title='bbox 1300 4689 1407 4764; x_wconf 87' lang='lat' dir='ltr'><strong>totum</strong></span> <span class='ocrx_word' id='word_1_230' title='bbox 1425 4673 1718 4846; x_wconf 50' lang='lat' dir='ltr'><strong>apotheciumfihac</strong></span> 
     </span>
    </p>

    <p class='ocr_par' dir='ltr' id='par_1_10' title="bbox 1067 4773 1715 4862">
     <span class='ocr_line' id='line_1_27' title="bbox 1067 4773 1715 4862; baseline -0.003 -16"><span class='ocrx_word' id='word_1_231' title='bbox 1067 4773 1095 4846; x_wconf 87' lang='lat' dir='ltr'>L</span> <span class='ocrx_word' id='word_1_232' title='bbox 1122 4789 1143 4862; x_wconf 83' lang='grc'><strong><em>3</em></strong></span> <span class='ocrx_word' id='word_1_233' title='bbox 1592 4793 1621 4846; x_wconf 88' lang='lat' dir='ltr'><strong>te</strong></span> <span class='ocrx_word' id='word_1_234' title='bbox 1658 4799 1715 4844; x_wconf 85' lang='lat' dir='ltr'><strong>unt</strong></span> 
     </span>
    </p>
   </div>
   <div class='ocr_carea' id='block_1_10' title="bbox 0 0 2204 5524">
    <p class='ocr_par' dir='ltr' id='par_1_11' title="bbox 0 0 2204 5524">
     <span class='ocr_line' id='line_1_28' title="bbox 0 0 2204 5524; baseline 0 5"><span class='ocrx_word' id='word_1_235' title='bbox 0 0 2204 5524; x_wconf 95' lang='lat' dir='ltr'><strong> </strong></span> 
     </span>
    </p>
   </div>
  </div>
 </body>
</html>
