4338 5534
700 455 861 508 ctrcmca
888 431 1067 510 Catiilatiai

125 628 254 708 Lecidea
273 627 443 709 corticoia.
477 625 601 728 Atiae.
616 633 719 708 Mem
738 634 825 708 Licb.
853 653 942 732 μβ.

125 761 240 830 Lichan
256 759 426 834 corticula.
454 761 574 833 Arbor.
594 753 783 858 Licbenogr.
802 762 886 837 Sacc.
904 761 1023 836 Prota.
1046 787 1080 855 p.
1089 781 1140 849 57.

124 887 163 958 Ic.
184 884 305 958 Actor.
322 887 409 960 Nou.
429 885 505 958 Ari.
525 885 624 956 Accd.
645 890 757 958 Sciant.
774 886 895 958 Sturii.
925 887 972 959 V.
986 889 1026 958 16.
1060 885 1097 959 T.
1103 907 1136 974 5.
1156 887 1231 980 s.o'.

125 1009 251 1078 Habitat
270 1005 310 1078 ad
324 1011 482 1080 corticem
499 1027 695 1080 truncorum
712 1011 877 1092 Quercus,
904 1013 1057 1092 fraxini,
1086 1011 1200 1093 Ubui,
1224 1015 1390 1108 Europae.

125 1131 158 1206 ln
175 1131 252 1202 flatu
275 1126 421 1228 perfetio
439 1129 525 1204 adeo
548 1129 661 1204 fimilic
686 1130 891 1216 Lecidcae
914 1133 1131 1230 epipoliae
1150 1153 1185 1205 ut
1206 1159 1267 1232 pro
1284 1133 1404 1206 eodem
1426 1137 1569 1213 Licbene
1588 1145 1698 1217 baberi
1720 1131 1724 1142 ¹

178 1227 301 1328 potiet,
330 1227 383 1304 sed
407 1237 514 1328 potius
532 1253 566 1302 ut
583 1236 715 1328 propria
735 1227 852 1329 species
874 1234 918 1304 eii
935 1232 1195 1320 consideranda,
1221 1261 1299 1306 natu
1324 1235 1427 1308 crussa
1450 1245 1581 1335 parcior
1603 1265 1634 1315 et
1652 1246 1697 1318 al·

176 1331 305 1415 bimur,
331 1337 501 1430 apothecia
525 1331 646 1403 vetusta
668 1336 898 1430 imnnrginata
918 1353 950 1404 et
969 1339 1096 1405 iuterna
1119 1359 1241 1408 cornea
1256 1340 1617 1437 cinereo·uigricantia
1633 1371 1696 1420 uec
1786 1387 1801 1404 ·

176 1453 241 1506 atra
262 1427 411 1530 fragilia,
439 1427 532 1528 supra
547 1431 679 1504 tandem
700 1429 787 1504 nuda
806 1455 871 1502 atra
890 1429 1119 1528 glabriuscuia.

128 1560 229 1730 Crudiia
249 1585 308 1658 per
324 1579 461 1730 aetagem
481 1551 610 1629 sordida
634 1552 740 1630 evadit
762 1578 794 1630 et
817 1553 1045 1633 subevauescit.
1110 1562 1292 1658 Apothecia
1313 1556 1572 1660 frequentiffirtta
1595 1571 1694 1654 inter·

201 1687 257 1730 una
283 1683 391 1758 conge
420 1684 448 1728 a.

108 1778 140 1864 β.
164 1781 202 1858 L.
220 1781 397 1860 leucardis:
427 1783 530 1856 crusta
550 1781 706 1854 maculari
731 1776 851 1853 rimosa
875 1777 1000 1863 albiriat
1034 1789 1214 1881 apotheciis
1228 1790 1391 1860 ‘convexis
1406 1782 1628 1887 subptuiuofia
1648 1789 1691 1865 ad

145 1883 226 1958 bastu
245 1890 397 1982 margine
415 1879 559 1958 thallode
575 1885 711 1954 demum
731 1877 942 1956 evanescente
961 1879 1148 1962 subcintstin

125 2012 308 2096 verrucaria
323 2009 468 2080 alboatra
485 2009 609 2103 Hoffinr
624 2011 677 2082 Pl.
699 2003 788 2085 Lat.
809 2023 840 2080 et
855 2011 908 2085 ΕΙ.
931 2009 1041 2086 Germ.
1065 2037 1103 2106 p.
1117 2032 1178 2101 195.

126 2136 238 2206 lichen
254 2133 435 2206 albo-ater.
467 2132 590 2228 Hoffm.
612 2135 732 2207 Euam.
748 2135 836 2230 Liria.
862 2153 951 2224 gajo.
1004 2183 1007 2186 -

126 2261 238 2330 Lichan
254 2254 513 2354 circumscriptus
531 2257 683 2350 Perfhon.
695 2257 826 2350 fierine.
833 2256 961 2353 specim.
981 2263 1022 2328 mi
1048 2281 1110 2334 ram.

123 2387 162 2457 Io
181 2384 296 2478 Hoffm.
315 2383 530 2458 Pium-Licin.
565 2385 653 2469 T.t5.
676 2382 748 2471 βε.

125 2510 246 2580 Habitat
259 2514 294 2580 in
307 2513 430 2580 cortice
454 2512 582 2593 Aeetia,
606 2507 726 2595 Uluti,
756 2500 903 2590 Aesculi,
930 2505 1074 2597 Galliae,
1102 2511 1312 2591 Germaniae.

127 2634 278 2706 crustata
296 2627 870 2722 initiosubnrbieularisccaffiuscula
889 2627 1008 2702 rimosa
1035 2633 1106 2703 alba
1129 2636 1308 2732 aliquando
1330 2631 1462 2712 sordide
1484 2635 1685 2716 cinerescant

179 2761 233 2830 pet
245 2755 383 2806 aetatem
401 2757 476 2806 raro
491 2727 662 2806 subeffusa.
715 2731 890 2816 Quaedam
905 2736 990 2804 inter
1005 2736 1175 2829 apotbecia
1190 2743 1318 2828 juniora
1336 2746 1487 2838 margine
1499 2739 1588 2836 quafi
1604 2725 1685 2816 thal·

178 2836 270 2919 lode,
300 2829 351 2906 sed
369 2831 495 2930 spurio,
521 2826 878 2918 circumhumata,
905 2829 1165 2904 deruuurtaruen
1187 2836 1417 2922 evanescente3
1446 2841 1586 2938 plurimu
1604 2867 1684 2914 vero

177 2935 251 3006 iude
270 2937 308 3006 ab
328 2939 425 3007 initio
448 2938 596 3030 margine
616 2939 755 3030 proprio
779 2933 931 3006 iussrucia
949 2928 1041 3021 sunt,
1066 2933 1154 3006 uude
1172 2962 1280 3010 veram
1303 2937 1366 3011 effe
1387 2943 1598 3014 Lecideae
1617 2939 1684 3039 spe·

175 3061 254 3108 crena
279 3056 376 3134 patet.

124 3157 229 3235 Crussa
244 3183 324 3234 utet
341 3161 510 3258 apothecia
528 3161 562 3230 in
586 3161 646 3237 bac
663 3164 815 3232 varietate
832 3157 1027 3257 pierumque
1047 3155 1135 3242 nuda
1156 3155 1229 3232 suut
1250 3187 1310 3234 nec
1324 3163 1492 3261 pruinosa.

126 3285 249 3360 Accedit
262 3285 302 3360 ad
319 3282 455 3359 Lecid.
473 3279 596 3381 paras
596 3311 725 3358 entant
741 3277 795 3356 sed
814 3278 924 3355 differt
940 3283 1043 3356 crussa
1063 3304 1195 3357 tartarea
1212 3304 1244 3358 et
1259 3293 1438 3385 apotheciir
1455 3288 1684 3391 subimpressic.

105 3431 137 3496 tt.
161 3418 199 3488 L.
217 3411 385 3506 sarinosa:
426 3409 530 3482 crussa
557 3405 684 3507 leprosa
716 3410 908 3504 pulveracea
932 3414 1186 3510 apotheciiaque·
1203 3406 1425 3490 subirnmetfia
1446 3425 1602 3494 convexit
1624 3427 1685 3496 im·
1814 3487 1823 3504 „

142 3518 326 3610 marginatis
349 3510 483 3610 pulvere
503 3511 661 3583 albicante
678 3503 816 3583 suffuiis.

123 3640 235 3710 Licheu
253 3639 445 3729 amyiaceue
471 3637 651 3712 Etracr.
767 3729 770 3734 Ι

123 3759 236 3836 Eriicc.
259 3765 360 3835 Ebria.
381 3765 431 3856 Pl.
456 3759 513 3834 Cr.
533 3761 614 3832 Dae.

122 3888 244 3958 Habitat
259 3889 292 3958 in
307 3889 429 3958 truncia
447 3885 604 3956 arborum
621 3880 750 3954 vetuiiic
771 3885 985 3968 Germaniae,
1012 3882 1197 3959 Helvetiae.

122 4011 227 4080 Cruiia
241 4016 345 4106 magia
364 4010 555 4108 pulveracea
573 4034 633 4079 nec
650 4001 771 4079 rimosa
786 4025 817 4077 et
832 4009 973 4080 areoiata
990 4035 1007 4080 a
1023 4009 1186 4105 prioribus
1203 4009 1261 4102 (ot.
1276 4003 1341 4106 β.)
1360 4009 1472 4090 differt
1493 4037 1525 4091 et
1547 4019 1682 4118 apotbe.

174 4117 230 4182 ciis
247 4136 319 4184 nou
332 4104 409 4184 baro
427 4107 599 4182 conoideia
621 4113 655 4182 iu
673 4107 815 4181 modum
833 4111 970 4182 Versa
982 4115 1134 4184 cariae.

82 4301 130 4363 aa.
154 4291 362 4372 tactura
388 4289 583 4384 grenan.

119 4419 152 4486 L.
171 4417 268 4488 crusta
288 4407 665 4515 graculum-verrucosa
681 4409 943 4488 cinereo-creba
962 4412 1207 4512 pulverulenta,
1233 4418 1374 4488 verrucis
1395 4375 1532 4518 demum
1547 4399 1683 4521 subgio.

174 4513 255 4588 boiis
269 4519 549 4618 conglomeratis3
572 4517 752 4617 apotheciit
770 4511 925 4592 seffilibus
940 4519 1227 4618 piano-concavis
1247 4520 1350 4616 nigris
1369 4516 1497 4592 cacfio·
1508 4524 1685 4622 prniuoiiro

170 4621 316 4718 margine
336 4638 512 4695 tumente..
572 4641 575 4648 ⁴
827 4631 844 4653 ²
1015 4631 1017 4636 '

1011 4716 1119 4792 ΒΜ
1281 4727 1283 4734 ⁴
1356 4731 1370 4764 ·'
1455 4757 1468 4780 ο
1574 4727 1676 4798 Habt.
