4398 5524
447 406 517 479 128
652 445 658 452 -
1193 414 1324 464 usura.

444 598 545 666 intrat
561 589 725 690 apothecis
741 604 891 660 centrum
906 588 1009 660 liocee
1025 582 1120 659 silum
1138 581 1191 658 seu
1205 582 1376 662 fasciculus
1392 580 1604 658 dudlulorum
1619 585 1865 684 parallelorum,
1882 591 1917 660 in
1930 608 2074 662 omnem

447 687 580 769 sensum
596 689 720 764 dueluli
734 689 964 786 expanduntur
980 707 1011 759 et
1026 682 1233 768 substantiam
1250 689 1413 785 apotliecii
1432 684 1649 759 medullarem
1673 687 1886 764 conllituunr.

561 841 742 940 Apothecia
757 834 928 912 accell'oria
940 833 1128 934 frequenter
1141 831 1354 908 observantur
1368 839 1402 906 in
1415 831 1530 906 lorulis
1543 831 1629 934 apud
1642 797 1771 908 Usnebe
1785 839 1922 908 Generis
1938 831 2079 1006 species:

448 950 537 1020 Inter
554 944 633 1014 baec
654 946 827 1037 praecipue
842 937 1045 1034 Cephalodia
1062 935 1208 1008 colorata
1227 930 1371 1006 diversae
1385 935 1510 1030 figurae
1529 961 1567 1006 ac
1582 933 1831 1032 magnitudinis.
1859 941 1940 1008 Sore
1968 942 1996 1008 ia
2012 943 2077 1008 mi·

448 1065 528 1120 nuta
545 1036 652 1140 sparsa
667 1038 873 1138 superficiem
888 1036 978 1110 thalli
994 1061 1065 1108 nori
1080 1057 1154 1106 raro
1171 1031 1317 1133 asperam
1334 1033 1574 1132 inaequabilem
1591 1059 1628 1106 ac
1642 1035 1901 1131 pulverulentam
1917 1033 2074 1110 reddunt.

562 1192 673 1276 Quam
691 1185 878 1260 inconstans
894 1181 930 1258 llt
948 1189 1058 1256 omnis
1078 1202 1157 1256 nota
1174 1182 1426 1256 eliaradlerillica
1441 1185 1631 1272 Generum,
1658 1187 1745 1257 inter
1767 1187 1949 1266 Liclienes,
1977 1211 2075 1282 quae,

449 1291 560 1394 l'preto
573 1292 664 1362 thalli
678 1284 947 1360 conformatione
958 1310 995 1354 ac
1012 1283 1133 1365 babitu,
1160 1285 1408 1382 aposliecioruin
1424 1278 1532 1354 lorina
1546 1302 1673 1354 rantum
1690 1289 1853 1368 innititur,
1878 1283 2001 1356 docent
2015 1287 2075 1356 ali·

452 1420 555 1492 quae,
581 1391 658 1462 alias
675 1395 778 1470 inter,
805 1391 933 1459 Uineae
951 1388 1080 1481 generis
1094 1389 1258 1480 genuinae
1274 1378 1411 1480 speeies,
1438 1408 1537 1478 quas,
1565 1379 1746 1456 secundum
1767 1389 1936 1480 apothecis
1952 1383 1994 1455 ad
2011 1389 2076 1456 tti-

450 1494 608 1578 malinas,
635 1485 770 1585 quidam
785 1490 895 1557 minue
914 1489 1052 1580 peritus,
1079 1477 1134 1554 sed
1161 1502 1295 1581 propter
1315 1481 1404 1554 thalli
1424 1481 1617 1558 lliusluram
1640 1486 1758 1556 Usneis
1773 1482 2008 1580 conformem,
2035 1483 2077 1554 ad

451 1599 508 1669 lias
532 1597 669 1692 quisque
687 1593 733 1660 rei
755 1611 876 1682 goarus
893 1604 924 1654 er
937 1584 1075 1658 meliora
1091 1579 1227 1654 edodlus
1250 1577 1371 1653 referre
1387 1606 1458 1654 non
1484 1587 1687 1654 intermittat.
1747 1581 1900 1680 Exempli
1922 1585 2002 1657 loeo
2020 1583 2078 1654 aa

452 1690 558 1768 feram
574 1695 755 1768 Usneatn
777 1686 1111 1768 malaxantham,
1136 1685 1179 1756 U.
1199 1677 1496 1775 jamaicenl'em
1518 1702 1550 1754 et
1569 1685 1612 1754 U.
1629 1682 1911 1756 trichodeam.

567 1842 702 1912 Nomen
732 1840 867 1908 Generis
891 1832 962 1930 poll
987 1829 1252 1910 Dilleniuni,
1284 1834 1352 1921 ejus
1376 1825 1464 1899 forre
1493 1831 1680 1918 aeriorem,
1714 1851 1901 1930 receptum,
1934 1833 2078 1902 incertae

457 1939 501 2016 ess
522 1939 765 2038 etymologiae,
790 1931 850 2008 niti
869 1928 957 2010 forte
977 1933 1016 2002 ab
1032 1955 1143 2016 eaesi,
1168 1925 1284 2002 lunis
1304 1925 1534 2006 derivandum.

933 2138 1240 2238 Explicatio
1281 2143 1597 2240 Figuratum.

1138 2291 1238 2363 Tab.
1283 2292 1387 2362 xiv.

459 2453 522 2530 fig,
545 2463 575 2528 4.
622 2441 748 2506 Ueneria
760 2433 961 2521 jamnieenfis
979 2436 1187 2530 apotheciiim,
1209 2434 1336 2498 senione
1353 2430 1608 2529 perpendiculari,
1630 2432 1947 2530 magnimontensis

663 2541 726 2582 e.a.
748 2519 881 2581 Ambitus
900 2517 985 2592 liujna
998 2518 1148 2594 apothecii
1164 2514 1293 2576 elevatus
1306 2514 1481 2575 subinfleriis
1500 2513 1614 2584 nudus,
1636 2510 1702 2598 (nec
1720 2511 1860 2596 cilicem).

457 2663 521 2736 fig,
543 2667 575 2732 5.
623 2649 749 2712 Usticae
757 2638 906 2728 floridae
919 2646 1129 2725 apothecimn,
1157 2643 1256 2726 quoad
1281 2647 1437 2704 maximam
1457 2647 1519 2716 ejus
1542 2657 1674 2724 partem,
1703 2642 1740 2704 ad
1764 2640 2007 2726 perpendiculum
2023 2663 2079 2726 pre

696 2741 824 2787 centrum
843 2743 909 2784 euin
927 2741 1009 2803 parre
1023 2723 1106 2782 thalli
1124 2727 1282 2794 resesluin,
1304 2725 1356 2784 snb
1373 2741 1530 2798 augmento
1545 2727 1684 2784 niaeiino.

664 2825 719 2868 a.a
740 2825 766 2864 a.
790 2805 949 2868 Substantia
966 2801 1116 2864 corticalii
1133 2801 1215 2863 thalli
1231 2817 1259 2862 et
1277 2805 1444 2882 apotherii,
1476 2803 1530 2860 hoe
1554 2802 1637 2882 snpra
1656 2800 1704 2944 (lg
1718 2818 1747 2864 et
1761 2804 1836 2864 infra
1853 2797 1896 2879 (c)
1915 2802 2080 2866 obducens.
2189 2839 2190 2846 ι

667 2885 697 2946 d.
722 2885 881 2946 Substantia
900 2881 1069 2944 medullaris
1092 2881 1193 2952 thalli,
1223 2878 1385 2946 ediietutii
1404 2879 1551 2961 parallelis
1573 2901 1674 2962 compa
1708 2887 1748 2948 is.
1782 2881 1949 2945 saseiriiliim
1971 2885 2084 2945 tiorum

706 2964 836 3026 formans
853 2961 1022 3025 filiformem
1039 2977 1168 3024 tenacem
1191 2977 1220 3023 et
1238 2960 1404 3030 elailieum,
1433 2961 1472 3022 ad
1488 2961 1676 3022 insertionem
1698 2965 1848 3044 apotheeii
1866 2963 1909 3045 sc)
1932 2969 2023 3043 magis
2038 2969 2082 3027 ir.

703 3042 888 3122 regularibus
907 3057 936 3104 et
951 3047 1026 3106 intra
1043 3045 1231 3125 apotheeium
1246 3041 1282 3123 (*
1290 3043 1324 3122 e)
1340 3041 1446 3102 eodem
1465 3040 1555 3100 modo
1573 3045 1723 3125 expansae,
1744 3045 1913 3124 coiiipofita.

461 3193 526 3272 ᾖε,
546 3183 577 3250 6.
618 3185 655 3241 Α.
680 3173 805 3235 Uenetae
822 3170 966 3267 plicata-e
980 3174 1187 3268 apothecium,
1200 3194 1245 3270 ¹eo
1257 3175 1350 3235 niodo
1363 3173 1611 3257 repraesentatum
1630 3187 1662 3234 ut
1679 3176 1710 3234 in
1729 3175 1777 3249 lig.
1788 3189 1806 3248 4
1818 3185 1849 3232 et
1864 3185 1893 3244 5.
1908 3192 1948 3232 m.
1964 3193 1995 3239 a.

668 3275 767 3316 a.a.a.
788 3253 922 3316 Ambitus
943 3269 1162 3329 imniarginatue
1182 3251 1307 3315 cibatos.

668 3338 699 3398 b.
723 3340 789 3396 Pars
804 3329 930 3401 rimini,
949 3336 995 3392 rui
1012 3332 1051 3392 ad
1066 3351 1195 3394 centrum
1218 3334 1319 3395 subtus
1334 3333 1464 3411 affigitur
1481 3334 1687 3416 apothecium‚
1709 3329 1776 3392 inde
1795 3329 1950 3416 peltatmai.

626 3447 661 3508 Β.
683 3434 789 3500 Thalli
805 3439 890 3509 liujus
905 3436 1038 3496 Lielienia
1054 3435 1213 3496 transverse
1229 3441 1354 3499 truncati
1370 3441 1511 3500 ttnittnra
1535 3443 1655 3498 interna.
1678 3457 1719 3498 ιιι.
1733 3456 1762 3496 a.

669 3539 734 3585 ιιι.
757 3517 918 3580 Substantia
933 3515 1079 3576 rusticalia
1095 3515 1290 3578 subcrnllaeea
1309 3516 1421 3594 fragilis
1439 3523 1469 3578 in
1489 3521 1558 3580 llam
1584 3515 1707 3576 humido
1722 3513 1933 3592 subgelatinosa
1946 3519 2084 3596 intusque

707 3595 860 3667 similaris,
883 3591 1056 3672 tgongytos
1070 3595 1164 3656 nudos
1182 3595 1347 3658 iiidulontes
1365 3598 1485 3670 fouens,
1509 3595 1657 3658 includens
1681 3593 1803 3655 alteram
1824 3595 1855 3666 (b
1879 3595 1920 3676 e.)
1937 3597 2083 3658 medulla·

714 3695 792 3745 rem,
813 3693 868 3756 pro
890 3689 971 3756 parte
990 3689 1073 3734 extus
1090 3673 1136 3754 ib)
1156 3675 1298 3737 laxiorem
1316 3677 1485 3739 molliorem
1503 3681 1650 3758 ssnppeam
1667 3676 1706 3734 ob
1729 3673 1865 3735 dudiulos
1885 3673 1996 3736 ibidem
2016 3680 2084 3738 abs·

714 3776 773 3838 que
792 3753 897 3816 ordine
912 3771 941 3814 et
962 3751 1056 3815 laxius
1075 3758 1246 3827 intricatos,
1267 3761 1298 3816 in
1318 3773 1418 3817 centro
1450 3755 1477 3824 cl
1496 3755 1688 3822 solidiorem,
1710 3757 1955 3836 compediorem,
1978 3757 2086 3818 duflu.

713 3835 750 3897 lis
772 3834 884 3896 ibidem
905 3833 1073 3895 fasciculum
1094 3835 1263 3898 filisormem
1282 3853 1411 3898 tenacem
1445 3827 1499 3900 cfr.
1522 3841 1622 3912 Fig·5.
1639 3832 1682 3916 tl.)
1701 3833 1917 3905 formantibus,
1939 3840 2087 3918 composi·

711 3930 782 3978 rem.
826 3918 867 3976 lli
890 3913 1004 3978 tuenti
1026 3931 1058 3976 ut
1074 3920 1103 3976 in
1126 3919 1218 3994 figura
1235 3922 1375 3988 trutinari,
1407 3914 1511 3978 ostiola
1529 3916 1578 3977 sua
1595 3911 1723 3978 offerunt
1742 3913 1886 3976 minutula
1907 3915 2088 3980 orbiculata.

469 4068 532 4145 pig,
554 4069 585 4140 7,
626 4057 663 4118 A.
685 4042 907 4138 Cephalodimii
930 4047 959 4103 in
982 4041 1074 4139 thallo
1102 4045 1233 4140 'Usticae
1258 4045 1402 4122 plicatae
1429 4067 1492 4112 ear.
1512 4037 1639 4132 comosa
1662 4046 1810 4123 integrum
1834 4042 1979 4116 elatem,
2012 4066 2089 4112 eum

704 4121 925 4208 poneremini,
946 4141 996 4184 cui
1018 4122 1134 4186 insedit.
1152 4145 1192 4186 m.
1208 4145 1237 4188 a.

636 4239 669 4300 Β.
690 4230 792 4298 Idem,
813 4248 880 4290 eum
899 4241 981 4309 parte
997 4226 1083 4289 thalli
1109 4231 1219 4310 inquo
1240 4229 1390 4300 elevatus,
1412 4232 1539 4296 sedlioiie
1556 4229 1811 4313 perpendiculari,
1840 4229 1927 4292 valde
1946 4233 2090 4308 ιιιᾶιιιιις

676 4314 754 4376 intui
769 4309 909 4376 refertum
926 4309 1148 4392 paienchymete
1169 4309 1306 4386 similari,
1327 4313 1468 4390 gongyloi
1487 4311 1581 4376 nudes
1596 4310 1761 4376 nidulantei
1775 4315 1950 4376 continente.

1048 4517 1528 4548 ’,Ἥ-

1944 4687 2103 4768 GENUS
