4466 5536
438 400 488 478 34
907 415 909 421 v
1164 372 1333 449 ererum.

487 583 661 676 proprium
680 572 825 672 superat,
850 565 905 646 sed
923 565 979 644 sub
995 571 1119 643 ambitu
1139 572 1235 662 hujus
1252 588 1378 642 rentum
1397 572 1576 665 prominet.
1634 573 1687 644 De
1709 577 1950 670 permutatione
1975 587 2062 652 men·

486 685 572 778 ginis
588 679 743 750 thallodis
757 682 794 748 in
812 677 985 773 proprium
1005 668 1151 768 spurium
1166 665 1252 744 iosru
1269 667 1310 739 ud
1326 673 1531 743 Lecuuoruut
1552 672 1646 768 plura
1672 669 1850 746 dicendum
1874 675 1929 749 ell.
1983 683 2062 752 To.

487 801 560 852 tum
585 800 745 874 quantum
764 801 782 847 e
804 776 926 851 lamina
954 773 1119 871 proligere
1142 769 1309 845 formetur
1332 772 1545 867 aporireeium
1559 777 1595 844 io
1614 772 1818 862 Leeidee;
1845 771 1974 850 discum
1992 799 2063 854 teu.

488 897 559 950 turn
578 877 678 952 efficit
694 883 729 949 iu
747 877 987 951 Lecenorir.

436 1028 477 1100 ab
498 1024 766 1100 Urceolariis
785 1044 816 1096 et
842 981 1064 1112 Gyrlediir
1088 1021 1267 1114 apotheciis
1293 1019 1397 1112 plouie
1420 1037 1454 1091 et
1475 1016 1735 1095 conveniusculit
1754 1019 1909 1100 l'effdibue
1931 1053 1994 1100 nee
2011 1051 2064 1102 ur·

486 1123 819 1197 ceolam-immersu.
878 1122 1037 1219 Reliquae
1058 1140 1157 1192 norae
1178 1117 1381 1192 dillindliuee
1399 1121 1436 1192 iu
1460 1115 1743 1196 observationibus
1771 1128 1862 1200 hisee
1881 1128 2064 1202 Generibue

487 1221 663 1322 subjuudtit
681 1222 863 1296 uideuatur.

547 1427 682 1498 Nomen
705 1426 876 1495 Generisa
895 1431 1002 1510 λεχις
1024 1440 1153 1516 parve
1174 1409 1353 1492 scutelle
1371 1431 1402 1490 et
1419 1401 1506 1492 erden
1520 1416 1675 1512 formae
1699 1422 1743 1496 ob
1761 1425 1910 1499 habiturn
1924 1426 2064 1527 apothe-

436 1527 567 1598 ciorum
580 1519 866 1596 scutellisormem.
1263 1539 1267 1544 '

547 1721 600 1794 Ad
618 1725 683 1792 hoc
699 1724 808 1794 Genus
826 1713 1033 1790 referendae:
1065 1719 1333 1794 Pureruunrne
1350 1721 1445 1816 Spee.
1468 1720 1591 1792 Eunu.
1613 1717 1780 1797 Hoffm.
1806 1755 1849 1776 ·-
1900 1689 2066 1796 scanni.

438 1847 624 1897 uuunurne
652 1827 708 1920 Sp.
738 1821 906 1892 Sehreb.
937 1823 974 1889 in
1000 1810 1150 1888 subdivil.
1175 1820 1265 1889 Liolr.
1291 1820 1374 1892 Gen.
1414 1855 1457 1875 -
1515 1825 1788 1894 Veuuucnnree
1811 1827 1868 1914 Sp.
1894 1819 2061 1900 Hoffm.

437 1929 576 2020 ngg.
601 1959 643 1978 -
696 1928 913 1992 Puumeurnu
932 1923 987 2014 Sp.
1006 1919 1099 1989 Ach.
1117 1919 1226 1988 Metu.
1249 1919 1341 1988 Lieh.
1363 1953 1406 1974 ·-
1457 1922 1601 1993 Psounu
1620 1927 1677 2024 Sp.
1693 1923 1803 2003 Hali.
1823 1919 1993 2002 Hofsm.
2018 1957 2063 1980 -

436 2029 615 2100 Puncourr
633 2027 689 2124 Sp.
707 2020 810 2096 Hili.
831 2018 1002 2095 Schreb.
1023 2016 1047 2089 i.
1063 2043 1093 2092 e.
1114 2019 1150 2089 iu
1164 2017 1247 2090 Gen.
1266 2017 1313 2096 Pl.

908 2264 1217 2366 Explicetio
1266 2265 1587 2362 figurarum.

1156 2437 1258 2510 Teb.
1290 2441 1341 2513 11.

439 2617 501 2696 iiis.
519 2631 548 2684 1.
596 2615 756 2680 Leeideoe
769 2611 951 2696 amplaeeoe
966 2607 1147 2694 'apothecim
1174 2605 1313 2672 laminam
1334 2607 1514 2692 proligeram
1537 2611 1728 2689 merginetem
1747 2607 1903 2674 offerentia
1921 2631 1937 2672 e
1954 2632 2057 2696 peren.

660 2699 794 2770 chymute
809 2693 928 2757 limilori
941 2693 1081 2772 gongyloe
1096 2689 1190 2751 nudor
1209 2689 1374 2751 nidulnutee
1389 2690 1557 2752 includente
1575 2695 1755 2773 compositu.
1776 2713 1843 2754 eum
1859 2707 1942 2776 perte
1959 2693 2057 2774 thelli,

662 2783 771 2860 inquo
789 2774 891 2837 sessilie
911 2775 994 2843 sunt,
1019 2772 1148 2835 sefiione
1163 2770 1397 2852 perpendiculari
1415 2785 1446 2833 et
1461 2771 1663 2848 magnitudine
1681 2791 1859 2855 magnopere
1872 2775 1969 2840 aum.

603 2889 639 2946 A.
658 2881 852 2966 Apothecium
867 2883 965 2958 junius
982 2875 1100 2959 plenum
1119 2872 1212 2936 thallo
1230 2872 1483 2938 semiimmersum.

643 3009 707 3052 rue.
733 2991 836 3064 Margo
854 2984 980 3046 laminae
1001 2985 1139 3064 proprius
1157 2977 1288 3042 tumidus
1305 2983 1354 3042 uix
1374 2977 1569 3063 prominulut.

642 3095 672 3159 b.
693 3097 812 3156 Cruste‘e
826 3113 892 3175 pare
914 3091 961 3150 eui
978 3089 1168 3170 apothecium
1186 3083 1323 3148 adnutum
1341 3089 1390 3148 est.

604 3229 638 3289 B.
660 3225 855 3306 Apotherium
877 3235 973 3281 uetere
998 3222 1091 3297 magis
1114 3217 1306 3295 proveetum,
1333 3212 1444 3274 discum
1464 3211 1517 3293 (e)
1533 3220 1590 3288 jam
1608 3232 1742 3276 convexo
1766 3227 1796 3276 et
1811 3219 1942 3298 margine
1959 3213 2056 3303 (uu.)

645 3309 736 3383 mugit
750 3303 887 3379 elevato,
911 3323 978 3362 eum
991 3300 1055 3381 ipso
1072 3295 1164 3358 thullo
1189 3293 1281 3377 (mc.)
1300 3291 1351 3354 sub
1371 3295 1478 3354 lemiue
1493 3311 1616 3375 euntque
1636 3291 1803 3361 attollente.

605 3439 639 3500 C.
663 3436 856 3516 Apotheeium
873 3431 1017 3492 vetustum
1034 3447 1102 3486 cum
1120 3423 1202 3484 diseo
1227 3416 1269 3502 (a)
1285 3424 1377 3498 magio
1393 3440 1525 3481 convexo
1539 3436 1569 3482 et
1585 3426 1715 3499 margine
1731 3423 1773 3507 (b.
1784 3423 1826 3505 b)
1843 3424 1977 3508 deprell'o
1990 3425 2057 3490 sub.

647 3513 787 3576 evanido.
811 3533 862 3572 uec
881 3532 937 3570 non
953 3523 1035 3589 parte
1052 3507 1163 3565 eruliee
1179 3503 1208 3580 (c
1230 3517 1270 3573 r.)
1286 3500 1423 3562 laminam
1447 3501 1547 3562 subtus
1567 3507 1597 3563 iu
1611 3505 1724 3563 ambitu
1740 3509 1904 3574 vestientis,
1931 3491 1969 3566 dd
1990 3529 2058 3568 eert-

647 3612 726 3657 trum
742 3595 891 3675 apothecii
907 3591 1086 3656 coerdiume,
1110 3583 1306 3665 luminumque
1323 3581 1412 3664 ipsum
1427 3581 1566 3644 elevanti·
1580 3599 1609 3643 et
1624 3601 1686 3643 eem
1706 3583 1879 3646 subsellilem
1896 3586 2056 3654 reddenrir.

606 3696 682 3786 Obs.
706 3706 728 3760 A
748 3697 983 3758 conformatione
999 3691 1146 3772 apotheeii
1166 3693 1197 3750 in
1220 3691 1310 3767 ΕΜ.
1330 3689 1457 3770 expresse
1479 3703 1575 3770 putet,
1597 3689 1720 3750 tlmilum
1738 3689 1775 3748 ed
1797 3709 1813 3748 e
1834 3691 1985 3752 otlteeium
2008 3713 2057 3752 ex-

607 3797 689 3843 terne
715 3777 904 3840 formeudum
926 3777 1048 3834 minime
1071 3768 1239 3864 conducere
1261 3776 1292 3831 in
1317 3771 1370 3830 hae
1391 3785 1421 3830 et
1444 3771 1570 3853 reliquie
1595 3771 1781 3832 Lecideae
1800 3771 1951 3854 speciebus
1968 3773 2058 3832 eonii·

606 3861 741 3924 milibur.

437 4019 499 4098 rig.
520 4033 551 4088 2.
591 4013 752 4080 Leer'deae
766 4009 964 4072 viridintroe
978 4009 1152 4088 apothecie,
1173 4017 1241 4066 utut
1259 4007 1289 4067 in
1308 4008 1368 4084 rig.
1380 4019 1405 4069 1.
1421 4003 1673 4087 representantur.
1693 4025 1820 4088 quotum

606 4127 639 4184 A.
662 4121 776 4195 Juniur.
800 4114 936 4175 luminum
951 4111 1129 4194 proligeram
1150 4115 1260 4172 trullae
1274 4109 1438 4174 immersum
1454 4109 1553 4182 offert,
1578 4115 1659 4188 cuiue
1676 4111 1772 4172 discus
1787 4114 1836 4190 (e)
1850 4111 2058 4174 roncaviuscu·

645 4199 690 4262 lue
709 4201 749 4260 ete
768 4211 797 4256 et
812 4215 913 4272 margo
930 4197 1066 4275 proprius
1084 4195 1117 4274 kb
1142 4193 1186 4274 b.)
1205 4191 1348 4256 elevatur.

646 4327 670 4366 e.
683 4325 706 4362 e.
729 4299 857 4362 Theline
880 4299 900 4358 s.
925 4301 1018 4358 errriln
1043 4303 1122 4360 cirea
1147 4295 1286 4359 laminam
1316 4293 1445 4356 elevetur
1470 4309 1500 4358 et
1528 4297 1688 4371 marginem
1716 4297 1795 4376 qued
1819 4292 1980 4358 thellodem
2007 4295 2057 4358 sed

687 4381 818 4463 spurium
833 4379 971 4439 efficiens.

604 4515 637 4577 Β.
658 4509 852 4593 Apotheeium
878 4509 1022 4566 vetustum
1042 4511 1072 4568 in
1089 4529 1150 4592 quo
1177 4505 1273 4570 discus
1289 4502 1343 4586 (a)
1362 4501 1493 4566 elevatur
1511 4501 1569 4563 hoc
1587 4521 1753 4568 convexum
1769 4503 1870 4568 reddit
1891 4519 1922 4568 et
1947 4509 2054 4584 mergi-

651 4590 778 4674 uem,(b.
792 4587 840 4671 b.)
854 4586 918 4650 fere
940 4585 1092 4652 obliteret.
2036 4605 2041 4614 ·

1977 4688 2057 4783 ou-
