4398 5524
818 401 1017 461 sturmen.
1679 417 1728 489 99

89 577 257 666 latiores,
283 573 335 651 sed
354 577 571 676 utplurimum
589 601 688 674 quam
704 601 741 649 ea
757 577 938 676 longiores.
1001 577 1052 652 hd
1074 583 1197 652 horunr
1222 581 1378 654 loborum
1403 582 1616 684 singularium
1636 601 1727 690 pagi.

89 707 179 752 nam
204 678 402 776 superiorem
420 676 472 750 seu
488 705 631 774 pronarn
652 697 684 748 et
703 675 809 750 versus
827 705 944 752 eorum
965 687 1091 776 apicem
1112 679 1200 778 quast
1224 681 1425 777 adglutinata
1443 677 1489 761 eli
1511 691 1634 762 lantina
1652 669 1727 791 plo-

90 781 211 877 ligera
231 781 409 877 etquidem
427 785 566 851 itautin
589 775 759 872 segmento
776 782 815 850 ab
836 787 928 874 apice
946 781 1050 852 lobuli
1076 779 1238 864 surmate,
1265 788 1343 854 haee
1367 794 1517 883 margine
1534 798 1622 862 tenui
1642 800 1723 868 thal·

90 879 180 952 104st
206 878 308 951 subrue
335 881 442 950 libero
464 881 569 950 cindla
596 882 792 972 reperiatur,
819 899 852 949 at
876 876 984 950 versus
1004 877 1209 974 segmentum
1227 879 1363 953 inferius
1383 887 1545 976 laminae,
1579 895 1668 988 quud
1689 902 1724 972 in

91 976 165 1074 ipsa
194 986 308 1076 pagina
325 979 430 1050 lobuli
450 1002 481 1049 et
502 977 542 1047 ad
560 983 628 1068 ejus
649 973 738 1046 halin
761 979 904 1049 locatum
927 979 990 1061 ell,
1015 984 1093 1051 haec
1115 1005 1178 1053 une
1198 1007 1274 1051 curn
1294 994 1443 1077 margine
1465 989 1630 1077 thallorle,
1662 999 1724 1067 ibi·

92 1081 177 1249 pem
209 1073 355 1249 tippsell'rli
379 1085 484 1177 tnagis
510 1079 654 1150 elevetur
679 1097 710 1146 et
734 1077 856 1150 lineam
879 1081 1049 1176 obliquam
1072 1076 1197 1153 serenet
1212 1107 1288 1154 cum
1308 1079 1477 1182 superlicie
1491 1091 1595 1164 lobuli
1615 1093 1722 1169 auersa

109 1207 149 1249 eu
176 1205 236 1275 po.
252 1207 309 1258 rea.
419 1235 433 1247 .

218 1358 351 1424 Lamina
378 1351 539 1448 proligera
568 1358 601 1422 in
626 1351 804 1424 l’eltirlei
814 1376 828 1420 s
851 1351 1042 1424 orbicularis
1063 1353 1125 1440 cll,
1162 1351 1215 1426 sed
1240 1354 1418 1453 aliquando
1443 1359 1515 1457 plus
1536 1363 1597 1436 lata
1619 1395 1720 1467 quom

99 1457 227 1548 longa:
253 1461 285 1525 in
307 1455 385 1524 llatu
404 1453 549 1548 perl'eelo
570 1459 713 1523 omnino
732 1453 848 1545 planu,
877 1447 1011 1523 seduna
1033 1480 1109 1524 curn
1127 1454 1242 1525 lobulo
1265 1461 1315 1525 eui
1341 1457 1456 1529 adnata
1481 1463 1524 1533 ell
1552 1465 1643 1562 saepe
1665 1471 1719 1543 ad.

100 1553 227 1627 scendit
240 1576 270 1624 et
288 1550 588 1651 perpendicularem
604 1553 695 1622 litum
711 1551 857 1634 assumit,
878 1557 912 1622 iu
935 1551 1130 1647 quibusdam
1149 1553 1313 1651 speciebus
1334 1567 1433 1628 etiarn
1455 1587 1530 1634 curn
1554 1566 1614 1637 illo
1635 1569 1719 1642 ala.

100 1677 165 1726 tere
187 1655 361 1725 relledlitur
380 1673 411 1721 et
430 1650 573 1722 sorruanr
591 1647 844 1723 subcucnlletarn
866 1657 1016 1747 acquirit.
1074 1659 1160 1724 lutra
1187 1661 1253 1744 eius
1279 1649 1485 1731 subllantiam
1509 1663 1646 1738 cellulae
1661 1695 1717 1743 oo·

102 1776 233 1827 currunt
254 1750 472 1836 tenuilsnuae,
501 1753 717 1850 utplurimum
741 1752 827 1822 llrias
842 1751 977 1822 lineares
994 1761 1192 1824 acuminatas
1211 1753 1495 1852 perpendiculares
1516 1759 1715 1848 simulantes.

212 1949 324 2024 Thalli
352 1949 507 2048 lanugine
537 1944 646 2020 subtus
672 1975 768 2020 venas
790 1943 1066 2021 anallomosantes
1093 1947 1262 2022 formante
1288 1949 1466 2050 singulares
1491 1953 1565 2032 sunt
1588 1965 1715 2039 Pelti·

106 2050 202 2121 deae
221 2050 363 2148 species,
390 2075 421 2120 et
438 2059 468 2118 in
491 2055 653 2120 boccum
676 2049 879 2120 Solorina
905 2073 1052 2120 crocea
1078 2057 1302 2142 conveniunt3
1329 2077 1361 2124 at
1385 2055 1540 2130 rarisfirne
1555 2068 1589 2134 in
1611 2066 1713 2140 thallo

107 2147 307 2222 observantur
332 2153 501 2246 apothecia
525 2148 684 2247 quaedanr
712 2146 902 2229 accessoria,
938 2155 1079 2244 exceptis
1107 2151 1338 2242 Cephalodiis‚
1373 2151 1543 2248 singularis
1572 2161 1713 2252 sormae,

107 2255 138 2319 io
167 2250 349 2322 Peltidea
376 2246 602 2345 aphthusa‚
644 2255 711 2338 ejus
741 2249 878 2318 thallum
910 2241 1002 2344 supra
1025 2246 1236 2322 verrucosurn
1259 2249 1488 2345 reddentibus,
1521 2280 1554 2332 et
1576 2264 1714 2360 pulnere

109 2375 169 2447 quo
183 2345 345 2449 adspersae
366 2355 577 2420 inueniuntur
595 2347 814 2446 quarumdam
835 2342 1013 2442 specierum
1030 2350 1120 2422 thalli
1136 2357 1314 2447 margines.

207 2529 292 2596 Corn
308 2521 403 2593 nullo
424 2522 489 2592 alio
506 2524 686 2594 Lichenum
703 2524 829 2592 Genese
848 2519 1059 2594 Peltideas
1082 2518 1246 2596 confundi
1267 2521 1355 2618 poss'e
1377 2549 1417 2600 ex
1438 2529 1606 2624 praemissa
1624 2542 1712 2636 rlpo.¹

111 2624 277 2696 theeiotum
298 2645 331 2694 et
349 2622 465 2694 Thalli
486 2618 704 2717 descriptione
726 2627 875 2719 quisque
889 2621 997 2706 vider,
1033 2619 1084 2692 sed
1113 2621 1331 2695 dillindlionis
1356 2625 1475 2700 limites
1498 2637 1584 2705 inter
1605 2663 1656 2710 eas
1677 2664 1710 2716 et

112 2727 314 2796 Cetrarias
336 2745 432 2818 atque
456 2727 510 2793 Ne
519 2725 737 2817 phronis,
772 2739 883 2816 utpote
902 2721 1036 2794 Genera
1057 2727 1201 2794 maxime
1222 2724 1352 2809 affinia,
1378 2753 1645 2808 commemorare
1667 2742 1710 2813 ad

113 2846 173 2892 rent
192 2822 410 2894 illullrandarn
432 2819 516 2892 forte
542 2825 673 2910 juvabit.
735 2817 903 2891 Disserunt
926 2821 1143 2894 Peltideae
1167 2850 1184 2893 a
1209 2823 1420 2898 cetrariis
1449 2839 1634 2925 Apothecin
1655 2834 1710 2913 seu

112 2923 232 2994 Lamina
255 2924 421 3019 proligera
448 2943 513 2992 tota
534 2923 635 2994 thallo
661 2917 775 2990 adnata
806 2921 921 3016 plana,
953 2949 1014 3012 nec
1042 2928 1118 2993 hinc
1146 2917 1252 2993 subtus
1277 2923 1376 2995 libera
1399 2945 1430 2996 et
1450 2931 1695 3012 concaviuscula

115 3020 190 3092 thalli
213 3020 318 3094 forma
337 3017 461 3092 diversa
481 3043 511 3092 et
532 3029 598 3113 ejus
619 3016 788 3115 superficie
806 3015 957 3088 inseriori
980 3015 1341 3116 lanuginoso-venosa.
1396 3030 1423 3096 Α
1448 3031 1480 3097 N
1488 3033 1664 3127 ephrom
1673 2997 1709 3110 il

114 3123 249 3193 laminae
269 3119 454 3217 proligerae
471 3117 578 3190 forme
600 3118 740 3190 rotunda
758 3140 788 3190 et
807 3114 866 3188 srtu
888 3120 1028 3216 obliquo
1048 3127 1081 3192 in
1102 3126 1220 3219 pagiua
1243 3118 1403 3219 superiori
1422 3127 1635 3223 lubulorutn,
1661 3155 1708 3208 at·

115 3244 165 3313 que
179 3221 276 3296 thallo
295 3219 403 3293 subtus
420 3216 542 3292 venoso
557 3247 617 3292 nec
639 3213 831 3317 pubescente
846 3215 898 3286 nel
914 3219 1018 3296 nudo.
1062 3241 1063 3244 ’

206 3399 339 3468 Nomen
357 3397 492 3466 Generis
515 3419 532 3462 a
559 3403 694 3478 πελτη,
721 3391 832 3489 pelta
855 3409 886 3462 et
905 3378 1007 3477 eriles,
1031 3386 1167 3466 forma
1191 3391 1433 3493 compositum,
1464 3421 1601 3501 propter
1616 3408 1707 3479 habi.

115 3511 169 3568 turn
181 3493 402 3596 pelrilornrern
418 3497 677 3590 apothecioruur.

200 3672 278 3742 Hoc
294 3671 404 3744 Genus
422 3662 672 3766 comprehendit
687 3668 926 3741 tererentur
942 3660 1062 3764 speeies
1078 3662 1247 3752 wiltu,
1272 3669 1308 3741 H
1319 3663 1460 3762 essm„
1486 3671 1654 3752 Schrad.

558 3975 860 4076 Explicatio
912 3977 1229 4072 Figuratum.

799 4150 900 4222 Tan.
940 4105 979 4218 xss

116 4316 161 4393 tir.
178 4316 201 4384 1.
236 4326 273 4383 A.
294 4314 688 4378 Peltidenelrorr'znntalis
710 4317 900 4457 apotheciurn
920 4335 988 4378 eum
1009 4315 1151 4393 particula
1174 4309 1257 4376 thalli
1278 4308 1315 4372 ad
1339 4307 1582 4392 perpendiculum
1605 4311 1702 4372 secun·

320 4396 391 4538 {pru
417 4395 629 4536 lorppitndinern
651 4395 744 4458 lobu'
772 4397 878 4460 tertilis
902 4396 1069 4468 resectum,
1105 4413 1202 4460 toturn
1227 4392 1352 4474 oblique
1380 4391 1537 4467 adsuetum,
1558 4396 1701 4470 magnitu-

342 4495 390 4536 tlte
409 4497 446 4536 811
478 4497 505 4536 2·

287 4602 316 4649 a.
340 4583 462 4645 Lauina
482 4577 628 4663 proligera
646 4578 749 4668 plane,
770 4597 832 4648 tota
847 4581 969 4667 oblique
984 4581 1100 4645 adnata.
1674 4667 1694 4726 b

1042 4691 1070 4748 0
1090 4697 1111 4754 2
1696 4700 1706 4726 '
