4466 5536
419 391 442 482 8
586 427 600 452 ι
996 401 1045 456 Μ
1070 403 1271 459 ῐῐῦΗΕΝΰΠ
1296 407 1480 460 enarrant

535 608 568 679 3.
594 579 733 659 Cellulie
757 589 790 656 in
817 582 964 680 pluribus
988 582 1154 686 speciebus
1184 590 1292 660 vacuit
1310 607 1343 660 et
1363 585 1462 660 simul
1486 569 1718 687 integerrimia.
1747 620 1788 648 -ι
1838 593 1943 692 Saepe
1965 595 2064 668 enltn

419 698 455 768 in
479 690 606 766 cellulis
627 688 738 760 nullae
761 681 978 761 observantur
998 715 1108 790 neque
1130 687 1291 764 vesiculae
1311 715 1420 790 neque
1441 693 1606 790 gnngyli.
1633 691 1709 764 licet
1729 695 1764 764 hi
1787 697 1999 768 circumcirca
2026 701 2064 770 in

419 793 592 870 substantia
615 788 742 862 duriori
767 794 1033 887 perenchymatis
1057 791 1204 886 ejusdem
1229 795 1392 890 eporltecii
1414 791 1602 866 nidulantct
1623 797 1846 868 invenianmr.
1904 800 1956 870 Ex
1980 801 2065 870 inte-

419 903 508 1000 gris,
549 919 610 966 nec
639 891 710 964 ullo
739 889 845 964 modo
871 899 973 992 ruptis
994 891 1045 966 vel
1075 900 1194 993 aperrit
1221 895 1369 980 cellulis,
1406 895 1592 968 uullaeaut
1620 893 1778 970 vesiculas
1807 917 1864 970 aut
1884 901 2061 995 gongylot

419 1002 505 1075 elabi
532 990 622 1094 polle
642 999 821 1094 uuicuique
839 1000 874 1066 in
899 998 1077 1094 propatulo
1101 996 1164 1082 cll,
1190 995 1330 1068 etiamst
1352 994 1489 1068 cellulae
1507 995 1627 1070 liberae
1650 1023 1712 1072 nec
1735 1003 1821 1074 intra
1840 995 1979 1074 messam
2005 1028 2065 1103 pa·

420 1103 643 1194 rencbymaria
665 1098 868 1170 ambientem
887 1100 1115 1198 compassam,
1138 1102 1185 1172 uri
1204 1091 1329 1183 solent,
1355 1097 1481 1170 locatae
1501 1093 1625 1177 forent.

534 1271 570 1348 4.
597 1251 626 1322 Ε
651 1243 815 1344 denegato
839 1245 1055 1321 aeficnlarnm
1082 1251 1171 1322 exitu
1200 1273 1259 1350 per
1281 1246 1442 1321 laminam
1466 1274 1738 1350 unamquamque
1769 1247 1983 1331 discoideam.
2012 1291 2066 1314 -

421 1353 531 1430 Nullis
553 1347 775 1425 foraminibus
798 1343 979 1448 percussam
1000 1345 1063 1422 eisc
1085 1353 1179 1446 bujue
1204 1353 1347 1424 laminae
1368 1347 1575 1448 superficiem
1605 1379 1748 1452 pronam
1773 1357 2057 1448 (membranulam)

422 1452 520 1556 supra
538 1455 671 1536 notavi,
705 1477 765 1526 nec
796 1450 882 1525 ullae
910 1447 1122 1526 observantur
1146 1452 1273 1524 canales
1296 1458 1379 1525 intra
1406 1447 1515 1551 ipsum
1544 1453 1687 1526 laminae
1717 1459 1964 1556 parencbyma‚
2001 1485 2061 1556 pet

421 1585 502 1660 quae
527 1549 726 1632 transmissio
756 1549 971 1627 veficularum
995 1578 1053 1652 per
1078 1555 1163 1628 benc
1185 1551 1394 1628 substantiam
1424 1577 1688 1654 promoveretur.
1741 1561 1783 1632 Et
1809 1555 1832 1630 ll
1858 1555 2060 1632 concedere·

420 1655 518 1742 mut,
553 1655 646 1756 qnod
676 1653 849 1728 exislercnt
872 1649 1075 1728 loramioula
1100 1653 1263 1756 quaedam
1293 1653 1528 1757 superficialia;
1563 1657 1647 1730 adeo
1673 1653 1909 1758 curgualam,
1943 1681 1977 1734 ut
2002 1685 2061 1758 pce

422 1790 461 1837 ea
485 1757 645 1832 veliculae
673 1759 778 1830 emitti
806 1761 951 1830 omnino
974 1783 1045 1830 non
1074 1753 1214 1856 pnlsent.
1276 1759 1389 1860 ltaque
1415 1783 1534 1832 eorum
1565 1755 1786 1833 diss'eminario
1816 1765 1920 1836 ltocce
1950 1756 2058 1834 modo

421 1863 621 1967 promoveri
643 1863 776 1960 nequit,
802 1883 911 1958 neque
934 1863 1100 1960 rumpitur
1121 1885 1282 1960 umquam
1306 1859 1429 1932 lamina
1451 1857 1531 1959 ipsa.
1584 1863 1753 1962 Gongylis
1775 1888 1855 1936 vero
1877 1887 2062 1962 congrega·

423 1971 463 2040 tia
486 1983 554 2038 tota
581 1957 652 2034 sere
675 1979 795 2060 quanta
826 1957 1009 2060 compnfita
1036 1957 1227 2034 observatur
1250 1963 1394 2034 lamime
1424 1955 1612 2060 superficies
1642 1987 1747 2061 prona
1772 1985 1804 2038 et
1824 1967 1865 2037 ab
1891 1989 1935 2038 eo
1959 1961 2059 2040 facile

421 2063 508 2144 solvi
531 2089 562 2140 er
583 2059 723 2163 separari
742 2055 835 2161 polle
856 2061 905 2134 illi
931 2059 1107 2152 videntur,
1134 2061 1216 2135 dum
1239 2068 1320 2136 ltaec
1340 2060 1480 2138 madore
1505 2059 1647 2138 resoluta
1667 2063 1787 2144 evadit.

538 2239 571 2306 ς.
600 2207 751 2288 Absentie
779 2209 995 2288 vesicularum
1024 2231 1057 2288 et
1080 2213 1276 2288 cellularum
1300 2218 1336 2286 in
1366 2214 1693 2316 quamplurimorum
1717 2217 1902 2292 lichenum
1922 2222 2062 2319 apothe-

422 2320 492 2396 ciit.
520 2353 562 2376 -·
613 2317 769 2414 Gongyli
793 2335 904 2390 autem
933 2311 1063 2417 semper
1088 2313 1216 2397 adsunt.

538 2479 572 2544 6.
600 2461 753 2542 Absentie
777 2464 994 2542 veficularum
1015 2486 1048 2541 et
1069 2465 1263 2542 cellularum
1285 2467 1320 2537 in
1338 2465 1450 2540 multia
1474 2463 1650 2540 individuis
1674 2466 1822 2564 ejusdcm
1846 2466 1978 2572 speciei,
2003 2495 2061 2544 cu·

424 2579 475 2672 jue
499 2572 679 2670 aporireeiie
703 2565 805 2669 (apud
833 2566 896 2641 alia
923 2595 1046 2670 nempe
1073 2568 1262 2660 individua)
1287 2564 1386 2642 solito
1411 2563 1554 2642 inclusae
1579 2575 1797 2668 reperiuntur.
1832 2611 1883 2630 ·-
1942 2575 1996 2646 Sic
2021 2575 2060 2646 in

422 2701 489 2750 nna
506 2671 688 2771 eademque
710 2664 818 2767 specie
842 2667 1012 2744 individua
1029 2672 1208 2769 apotheciic
1228 2665 1510 2742 vessculiseritvel
1533 2667 1724 2744 celluliserit
1743 2671 1919 2760 instruere,
1941 2698 2059 2746 occur·

425 2797 503 2854 runt
523 2775 604 2856 alia,
630 2770 792 2874 gongylie
818 2766 894 2844 solit
922 2770 1072 2848 scatentia
1081 2803 1094 2866 5
1127 2800 1206 2848 etam
1230 2796 1288 2868 per
1310 2791 1447 2843 aetatem
1468 2771 1587 2844 collabi
1614 2771 1665 2844 vel
1690 2771 1901 2847 concrescere
1924 2802 1964 2848 ec
1986 2799 2060 2846 eva·

424 2875 557 2958 nesccre
577 2897 644 2950 tam
663 2873 795 2948 cellulae
816 2901 918 2975 quam
941 2869 1096 2949 vesiculae
1116 2895 1326 2976 compertum
1350 2873 1529 2960 habemur,
1554 2876 1729 2972 apotheeio
1752 2879 2059 2974 integerrimo-mc·

421 3001 543 3072 neure,
565 3003 628 3052 nec
647 2973 718 3049 ullo
741 2971 848 3050 modo
871 2995 970 3076 rupto
992 2973 1059 3050 ssve
1083 2998 1209 3078 aperto.

537 3163 573 3236 7.
601 3144 846 3240 Propagarione
872 3133 1039 3214 consimili
1066 3140 1271 3227 lichenum,
1303 3129 1371 3210 five
1394 3082 1552 3209 veiiculie¹
1572 3130 1739 3235 praedira,
1766 3130 1833 3210 sive
1859 3127 1981 3210 iisdem
2002 3155 2059 3210 ex.

425 3251 528 3354 petria
548 3239 624 3320 sunt
643 3266 765 3316 eorum
786 3243 970 3343 apotheeit.
1471 3251 1475 3258 ·
1730 3260 1733 3269 ·

405 3461 410 3474 .
538 3417 573 3493 8.
600 3407 722 3478 Forma
744 3401 938 3476 cellularum
960 3420 991 3472 et
1010 3396 1223 3471 vesicularum
1242 3400 1325 3468 intra
1345 3421 1450 3470 uuum
1474 3393 1630 3496 idemque
1651 3401 1861 3494 apothecium
1881 3405 2060 3476 mutationi

425 3509 521 3588 valde
546 3509 706 3583 obnoxia.
739 3539 781 3558 -
834 3500 1044 3578 Atesadlionc
1068 3501 1119 3572 vel
1147 3496 1286 3572 siccitate
1307 3495 1396 3598 quast
1421 3499 1562 3572 abolitae
1586 3494 1803 3573 observantur
1828 3525 1859 3574 et
1879 3497 1971 3574 visui*
1986 3531 2059 3576 eva.

426 3609 590 3694 nescunr‚·
613 3631 677 3680 nec
701 3601 1028 3680 nisimembranulaa
1056 3597 1274 3686 ieoulffimtt,
1308 3602 1398 3674 siriae
1421 3601 1614 3702 irregulares
1637 3601 1847 3700 peraugustae
1869 3599 2060 3694 reserenree,

426 3726 462 3796 in
489 3717 554 3788 ltoc
574 3710 653 3784 llaru
679 3703 840 3782 offerunt.
899 3701 962 3779 Sed
985 3705 1190 3776 bumcdlatac
1214 3707 1333 3776 iterum
1358 3701 1580 3780 intumescunt
1602 3731 1666 3776 una
1691 3730 1769 3778 cum
1798 3712 2062 3804 parencbymate

425 3823 570 3899 laminae
594 3811 648 3884 vel
674 3808 783 3884 nuclei
810 3805 1022 3905 formamque
1040 3805 1216 3904 ,prillitratn
1238 3810 1420 3904 genuinam
1452 3826 1659 3908 recuperant.
1730 3799 1890 3880 Effenriae
1916 3813 2061 3884 Seminie

426 3928 496 3998 teri
522 3935 610 3991 certe
633 3905 822 3985 adversatur
844 3911 915 3984 ralia
938 3904 1070 3982 sormte
1092 3901 1388 4006 saepiat-reiterata
1406 3913 1571 3997 mutatio,
1593 3931 1656 4008 pro
1679 3913 1762 3982 abrit
1777 3906 1917 3984 siccitate
1933 3913 1985 3986 vel
1999 3913 2061 3984 bu·

422 4023 573 4106 miditare
599 4023 739 4093 variant.

534 4204 570 4274 9.
596 4183 721 4255 Natura
741 4167 887 4248 cellulari
912 4169 1031 4244 barum
1059 4171 1203 4270 partium
1223 4175 1270 4246 uri
1291 4176 1565 4252 membranarum
1590 4175 1624 4248 in
1645 4197 1769 4274 genere
1788 4177 1997 4276 inurgenica.

540 4365 597 4420 to.
624 4329 805 4415 Praesentia
839 4329 1033 4404 cellularum
1058 4349 1092 4406 et
1119 4327 1335 4405 vesiculamm
1362 4339 1397 4406 in
1426 4337 1607 4436 aporbeciie
1638 4324 1821 4406 arcess'oriie
1850 4325 1871 4407 s.
1904 4327 2062 4408 secunda·

427 4452 497 4530 tiit.
530 4479 569 4500 ··
625 4445 704 4520 Nou
730 4443 771 4510 ira
798 4459 889 4506 ratae
913 4428 1188 4507 suttrLicltenum
1214 4431 1353 4534 species,
1392 4443 1427 4510 in
1451 4439 1591 4538 quibua,
1625 4456 1752 4534 praeter
1776 4439 1948 4536 apothecia
1972 4461 2061 4522 vera,

276 4535 278 4540 Ι
424 4543 565 4626 Soredia
590 4564 622 4618 et
641 4533 870 4640 Ccplralodia,
896 4531 1032 4610 Soredia
1050 4556 1083 4609 et
1102 4537 1288 4626 Pulvinoli,
1319 4537 1504 4639 Cypltellae
1524 4559 1558 4614 ct
1579 4535 1786 4638 Cephalodia
1817 4533 1914 4612 fimus
1937 4541 1972 4612 in
1990 4540 2066 4611 uno'

427 4651 616 4752 eodemque
639 4641 741 4720 thallo
762 4635 987 4716 observantur.
1040 4637 1171 4716 Dantur
1188 4637 1394 4740 Cephalndia
1409 4643 1536 4730 cellulis
1560 4641 1612 4715 vel
1633 4635 1783 4714 veficulir
1795 4633 1949 4714 scatentia
1967 4635 2059 4740 apud

452 4763 460 4776 '
2009 4765 2063 4816 cat
