4398 5524
17 255 19 294 l

17 295 20 362 l
164 349 169 354 .

17 431 19 492 l

17 565 19 600 r

17 611 19 648 r

835 393 992 453 rs'turusn¹
1492 417 1495 426 ⁴
1649 403 1717 458 ott

207 573 297 658 Ouid
312 573 363 650 'tle
383 574 726 673 Cenomycitlum
752 577 831 651 loco
859 584 945 650 inter
964 581 1121 653 Liclssnes
1143 579 1428 654 Counotlsalanros
1449 543 1659 682 supradixi,
1685 579 1719 656 itl

17 683 19 742 ἰ
100 679 179 750 salet
198 687 293 750 etiam
316 677 358 750 de
381 676 500 751 lsidii
521 675 706 778 speciebus,
739 707 815 751 num
837 684 1006 780 apothecis
1031 685 1124 778 liujus
1148 687 1283 756 Generis
1303 681 1447 782 perfeela
1469 685 1554 758 nihil
1573 680 1643 757 fere
1663 686 1719 756 lta-
1763 703 1766 710 ’

17 771 18 786 l

17 801 19 814 l

99 783 172 852 best
188 807 206 850 a
220 779 321 852 thallo
338 777 380 852 sd
398 805 517 852 eorum
538 778 817 880 compofitionem
835 777 1037 859 conducens.

203 951 292 1026 Tam
310 949 383 1053 ipso
402 951 529 1039 nsodo,
554 977 623 1054 quo
640 960 840 1030 incrementa
855 960 988 1053 capiunt
1004 955 1184 1055 Apotlsecia
1206 955 1404 1050 lsrtliorum,
1437 985 1537 1059 quum
1560 959 1721 1033 Lamiute

102 1049 254 1151 pesssllse
275 1053 388 1129 forms
412 1078 444 1128 et
464 1056 619 1128 ssruttura
644 1061 742 1146 (nans
762 1055 856 1129 ualde
874 1054 973 1129 cralla
996 1058 1039 1130 ell
1063 1083 1094 1132 et
1112 1057 1183 1131 lere
1205 1057 1482 1159 hemisphaerica,
1518 1058 1612 1158 supra
1636 1084 1718 1134 con·

102 1180 178 1226 vesta
197 1175 226 1226 st
241 1151 352 1228 subtus
375 1156 470 1254 planu
488 1159 610 1256 absque
629 1157 692 1229 ulla
714 1159 839 1230 llexuru
863 1157 915 1230 vel
936 1165 1087 1255 margine
1108 1165 1143 1231 in
1166 1165 1307 1252 ambitu)
1330 1184 1426 1260 utque
1450 1164 1572 1238 lrabitol
1589 1183 1718 1234 tantum

102 1251 236 1353 rsl'peelu
253 1255 294 1328 ud
310 1253 403 1329 hasce
417 1263 629 1355 proprietates
644 1263 915 1355 mollissimum,
949 1258 1045 1332 facile
1065 1261 1299 1356 persuademur.
1319 1260 1360 1332 de
1385 1267 1480 1356 hujus
1503 1265 1639 1336 Generis
1664 1289 1722 1333 au·

102 1365 242 1430 tuuumia
265 1377 299 1431 et
322 1353 507 1430 differentia
533 1356 706 1432 sufficienti
733 1386 752 1430 s
775 1359 1152 1450 llaeomycidibus‚
1186 1366 1522 1453 Cenomycidis‚
1553 1367 1718 1435 Sterco-

105 1461 222 1532 eaulis
235 1481 267 1532 et
286 1461 653 1558 Splsaeroplroris3
677 1459 746 1531 atss
768 1456 865 1534 limul
886 1459 1109 1534 coullderetur
1128 1464 1243 1535 Thalli
1263 1462 1449 1552 divulsas,
1476 1468 1648 1537 nemiuem
1665 1459 1719 1540 lu·

105 1582 173 1656 gere
183 1561 302 1660 potest,
327 1559 420 1660 quod
435 1555 508 1634 latis
529 1563 569 1634 ab
586 1565 635 1636 lsis
650 1557 840 1634 distinctum
860 1565 971 1635 Genus
987 1561 1184 1668 conllitueut
1199 1556 1341 1640 isidis.

203 1735 384 1835 Apotheciu
400 1742 432 1808 iu
450 1741 515 1809 hoo
534 1741 663 1808 Genese
678 1731 806 1833 semper
825 1733 1038 1810 minutill'rma
1060 1733 1135 1809 sunt
1162 1757 1193 1809 et
1215 1734 1346 1835 purletia
1370 1734 1437 1836 ipl'a
1462 1735 1630 1812 interdum
1646 1741 1717 1812 bre·

108 1831 219 1908 villims
245 1860 277 1908 et
300 1833 515 1936 subglolsola‚
549 1839 767 1936 utplurimum
796 1833 875 1908 uero
904 1836 1083 1928 cylindriea
1103 1837 1260 1934 fimplicia
1282 1839 1334 1910 sel
1358 1865 1453 1912 rursso
1474 1867 1545 1924 uno
1575 1843 1718 1914 alterove

109 1936 234 2033 praedita
252 1939 413 2010 crullacee
428 1937 579 2036 fragilia,
604 1945 689 2009 intus
711 1934 834 2022 solida,
861 1934 914 2008 led
937 1943 1061 2018 cortice
1084 1946 1171 2010 tenui
1192 1941 1349 2035 laevigata
1371 1939 1477 2016 adhue
1491 1937 1643 2014 solidiori
1658 1947 1720 2014 cis·

109 2039 259 2120 suntdata,
286 2035 395 2134 sparse
411 2040 463 2111 sel
483 2037 650 2122 conferta,
681 2037 861 2136 aliquando
886 2045 926 2110 ita
947 2041 1121 2138 congello,
1145 2061 1179 2112 ut
1204 2041 1408 2113 tuberculum
1430 2069 1591 2141 magnum
1615 2027 1721 2115 hlutri·

111 2131 298 2232 sphaericum
322 2139 419 2212 fimul
446 2135 550 2210 sumta
566 2135 766 2225 efforment',
799 2166 838 2212 ex
861 2144 1039 2238 aporleciis
1059 2142 1283 2213 terminalibus
1306 2140 1395 2240 quali
1423 2143 1717 2242 elevato-pund*

110 2258 174 2308 tum
194 2241 237 2331 ⁹).
287 2241 441 2314 Solitaria
463 2237 538 2313 sunt
555 2247 724 2336 spotlrecia
745 2261 777 2312 es
800 2265 870 2312 nou
898 2238 957 2312 uili
988 2246 1124 2314 unicum
1142 2249 1177 2314 iu
1199 2248 1340 2334 cujusvis
1356 2241 1483 2340 podesii
1499 2245 1553 2316 vel
1578 2251 1646 2337 ejus
1669 2269 1718 2316 rs·

109 2339 181 2506 proli
197 2347 293 2438 apice.
342 2341 528 2415 Elsbuutur
550 2365 622 2415 nou
639 2366 715 2416 rsro
731 2364 762 2416 et
784 2333 873 2442 quest
890 2338 1154 2440 loreolam'poll
1175 2339 1208 2414 se
1228 2343 1420 2442 relinquunt
1438 2344 1491 2416 uel
1509 2350 1637 2444 apicem
1654 2367 1715 2444 po·

128 2459 387 2515 mmmm

202 2620 331 2690 Nomen
357 2621 494 2707 Generis
519 2619 558 2688 ab
580 2643 645 2690 rurs
659 2635 691 2690 et
706 2601 813 2708 siloc,
848 2614 990 2692 lorma
1006 2653 1050 2674 -·
1067 2619 1113 2692 ub
1129 2614 1378 2691 sunilitudinem
1398 2615 1614 2716 podetiorum
1635 2647 1734 2711 curn,

107 2712 181 2788 llltle
197 2718 328 2791 Corallii
351 2721 487 2790 Generis
502 2722 603 2794 Lino.

205 2889 249 2964 Ad
266 2896 333 2966 lsuc
358 2895 468 2966 Genus
485 2887 711 2970 reserendaet
732 2851 1114 2990 SueuuocaurrSpec.
1136 2892 1322 2982 Hoflm..,
1349 2894 1526 2970 Sohund.
1552 2933 1594 2953 -
1644 2899 1721 2972 Le:-

111 3015 193 3062 ωε
218 2997 306 3088 Spee.
335 2997 459 3066 Ehrlr.
494 3029 535 3050 -
585 2999 804 3072 Lanuenses
834 2998 1384 3093 Spec‚nclas.Mesh.Lichen.
1417 3025 1460 3056 .-
1511 3001 1713 3072 verruca-

109 3116 181 3164 ωε
206 3099 297 3196 Speo.
320 3091 487 3174 Hollm.

555 3355 866 3487 Explicatio
917 3392 1237 3489 Figuratum.

801 3564 903 3638 Tau.
927 3567 994 3640 XI.

103 3753 151 3834 lig„
168 3765 197 3836 7.
234 3761 270 3820 Δ.
291 3749 387 3842 Jfidii
402 3752 565 3832 laevigati
578 3757 774 3837 Apothecium
792 3759 890 3830 iunius
903 3752 1113 3836 subglobosum
1126 3755 1220 3826 settle
1235 3779 1301 3822 suus
1317 3770 1402 3842 parte
1426 3756 1513 3822 thalli
1532 3761 1570 3826 ud
1587 3776 1708 3846 perpen-

319 3833 453 3897 diculum
468 3833 633 3920 restitum,
656 3837 856 3914 magnitudine
872 3841 967 3906 attola.

285 3961 314 4007 a.
334 3943 455 4080 Lalmina
482 3937 631 4020 proligeru
650 3947 681 4026 in
704 3945 787 4025 apice
814 3943 928 4028 pudetii
949 3943 1035 4028 supra
1056 3967 1184 4010 convexa
1206 3946 1307 4009 ssslstus
1329 3947 1416 4032 plane
1432 3950 1659 4032 parenctsymate
1675 3953 1709 4014 li-

328 4043 371 4084 mr
383 4043 438 4083 uss.

281 4127 315 4189 b.
326 4128 357 4189 b.
380 4130 523 4205 Merginis
544 4127 685 4191 thallodis
705 4133 861 4213 vestigium
876 4089 954 4196 lutra
970 4153 1060 4218 quem
1079 4137 1201 4198 Lumina
1217 4147 1285 4198 aute
1305 4137 1492 4218 eruptionem
1506 4135 1621 4200 inclusa
1637 4136 1708 4206 suis.

284 4253 310 4295 e.
334 4231 491 4295 Pudetium
506 4233 604 4296 adhuc
621 4237 832 4300 breviffimum.
946 4276 949 4282 ·

283 4339 318 4402 d.
339 4343 408 4402 san
423 4337 507 4404 thalli
522 4344 662 4404 rrustasei
676 4342 745 4406 saxu
761 4345 886 4408 instrati.

1673 4459 1707 4521 B.

123 4649 152 4738 ⁸)
171 4655 290 4732 figuras
305 4656 420 4718 nomm*
435 4653 661 4730 tuberculorum
677 4654 747 4722 dedi
761 4660 792 4722 in
812 4643 985 4741 Lichenogi.
1007 4664 1091 4726 Svec.
1111 4661 1214 4726 Psodr.
1230 4661 1273 4726 Τ.
1282 4677 1312 4729 2.
1334 4664 1408 4736 Eo.
1429 4661 1492 4741 eg.
1518 4675 1549 4725 et
1571 4682 1618 4746 ap.
1635 4665 1706 4732 We·

156 4737 243 4816 ming
260 4741 310 4803 ὃν.
324 4737 410 4806 uafv.
427 4741 501 4820 sug
518 4743 631 4811 Histoe·
653 4744 723 4812 ω.
742 4745 824 4818 nst.
846 4762 952 4829 ure-4.
974 4744 1067 4826 Fini.
1089 4759 1119 4806 es
1136 4761 1166 4826 4.
1176 4749 1216 4808 ss.
1237 4763 1302 4812 mo.
1315 4761 1367 4812 ru.
