4466 5536
698 427 750 484 aa·
778 405 910 488 amun
938 429 1248 496 taortoanrottn.
1765 447 1786 526 3

149 611 234 690 sota.
288 607 481 688 Tubercula
505 608 559 686 ilb
577 614 705 686 minuta
728 608 962 709 superficialia,
997 635 1143 712 quorum
1163 617 1302 688 unicum
1321 617 1515 718 exemplum
1539 645 1805 708 commemoratw

150 711 304 812 Hedwig
327 735 360 788 et
381 720 427 788 uti
450 715 653 812 receptacula
676 719 848 813 geniturae
870 709 1032 788 masculae
1054 711 1227 813 proposuit
1252 717 1333 805 llle,
1349 727 1468 818 ¹potius
1495 727 1701 823 cephaludia
1721 727 1785 808 ell'e

151 813 236 890 insta
258 815 572 912 demonstrabimus.
640 837 674 904 3.
704 809 882 888 Praesentia
911 820 1194 914 Apotbcciorurtt,
1228 814 1355 892 studim
1383 829 1452 894 veti
1479 820 1620 920 speeiem
1646 853 1724 926 prae
1752 829 1785 906 se

149 915 327 992 serentium
357 937 388 990 ιι
416 913 612 1016 corpuscula
639 917 680 989 ab
710 916 895 1014 Hedvigio
944 941 981 988 ro
1014 911 1191 1017 scpminibua
1214 914 1268 990 ιιιι
1293 916 1398 1018 ιροιιι
1422 927 1584 998 venditata
1612 930 1784 1006 ιιιιιιιιιιιι.

151 1025 243 1096 uum,
297 1016 488 1104 Quomodo
508 1019 583 1100 siat,
610 1037 645 1092 ut
666 1022 753 1090 bitee
778 1023 894 1112 putatia
915 943 1225 1114 spermatocyslidiit
1251 1043 1355 1118 parret
1378 1020 1543 1098 femineae
1566 1031 1648 1126 (pro
1665 1035 1783 1108 talibua

150 1123 276 1196 babilae
298 1115 356 1192 sed
376 1145 565 1219 numquam
586 1115 696 1210 visae)
722 1114 991 1202 somnolentum·
1017 1141 1089 1192 ⁰⁰¹¹
1117 1117 1225 1194 ‘iliis‘
1247 1126 1355 1222 Potuit
1377 1121 1445 1223 ll's‘
1464 1125 1632 1228 H‘dwlgt
1666 1141 1782 1234 nequi·

151 1221 225 1298 dena
248 1221 498 1309 demonllrarc.
527 1217 606 1294 inde
633 1239 765 1306 ortum,
791 1239 827 1292 ιιι
852 1221 922 1294 tuit
943 1239 1169 1317 proventum,
1205 1227 1289 1298 intra
1316 1220 1421 1320 ipsam
1452 1223 1661 1306 substantiam
1688 1235 1803 1312 thalli-

152 1351 217 1398 uon
234 1349 313 1398 raro
333 1324 516 1398 latitantem
541 1319 769 1418 etaliquando
791 1317 936 1418 persedie
964 1317 1091 1393 ibidem
1114 1318 1299 1406 inclusum,
1324 1321 1472 1400 studium
1497 1339 1682 1427 genuinum
1703 1332 1780 1415 csse.

152 1431 184 1498 st
203 1423 417 1500 foecundatio
441 1429 478 1498 in
502 1427 552 1498 hit
577 1421 733 1522 polbbilit
756 1417 850 1508 eiset,
877 1427 962 1495 intra
986 1417 1196 1495 substantiam
1223 1425 1314 1498 thalli
1348 1427 1578 1526 perficeretur:
1613 1429 1669 1506 scd
1689 1438 1782 1516 nulla

155 1525 272 1602 ibidem
294 1551 446 1627 unquam
466 1549 639 1598 occurrere
663 1521 730 1598 visa
751 1518 826 1598 sunt
849 1547 976 1622 organa
992 1547 1059 1598 nec
1078 1519 1254 1598 masculini
1278 1551 1340 1600 uec
1361 1525 1518 1604 seminini
1543 1539 1685 1630 genetit.
1772 1597 1776 1604 .

256 1730 330 1818 lam
350 1732 454 1803 ctiam
474 1721 601 1824 reliqua
621 1718 862 1798 confideranda
889 1725 1027 1797 veniunt
1053 1740 1225 1798 momenta
1247 1726 1420 1802 Theoriae
1436 1727 1701 1832 Hedtrigiauac,
1727 1741 1782 1816 Li:

153 1833 263 1904 tbeuet
283 1825 374 1927 quod
394 1832 527 1912 attinet,
548 1819 763 1898 adversantia.
814 1829 928 1914 Quum
945 1845 1055 1898 antem
1073 1831 1229 1900 omnium
1248 1834 1391 1925 partium
1408 1827 1625 1930 singularium
1643 1837 1781 1914 situdin-

36 1979 41 1990 ·
154 1957 204 2002 rae
226 1950 258 2004 ct
284 1949 418 2004 naturae
448 1932 600 2000 innititur
623 1923 784 1999 succindit
810 1947 841 1998 ιι
871 1925 1014 2021 plenaria
1035 1953 1149 2001 catum
1176 1935 1346 2028 cognitio,
1385 1957 1516 2031 quaque
1537 1957 1709 2036 percepta,
1741 1948 1779 2018 in

154 2026 244 2104 nsum
270 2053 301 2106 et
326 2031 432 2106 finem
462 2055 577 2102 earum
607 2023 873 2124 intelligendum
899 2031 1031 2100 certiori
1058 2049 1090 2100 et
1117 2033 1230 2102 tutiori
1259 2035 1310 2101 via
1341 2029 1551 2122 inducimur,
1588 2033 1674 2113 sorte
1702 2067 1777 2120 non

157 2128 328 2228 displicebit
349 2137 470 2208 barum
491 2133 648 2204 omnium
673 2133 882 2214 enumeratio
905 2149 937 2201 ct
956 2123 1149 2226 descriptio,
1173 2154 1242 2229 quo
1267 2127 1358 2208 facto
1375 2153 1407 2206 et
1433 2133 1600 2220 videatur,
1626 2139 1707 2239 quid
1733 2141 1777 2218 ad

155 2239 367 2332 generationis
392 2254 424 2304 et
445 2233 692 2328 propagationis
712 2232 895 2302 Licbeuum
913 2227 1083 2314 hilloriam
1106 2227 1332 2308 illuslrartdam
1345 2231 1499 2311 conserte
1513 2235 1655 2335 possint,
1681 2243 1777 2342 quid·

155 2359 215 2435 quc
233 2335 359 2412 valcant
380 2331 490 2408 debit
509 2329 683 2430 Hedtrigii
703 2348 735 2403 et
753 2335 833 2426 Ejua
858 2331 1066 2404 Seslatorum
1088 2323 1279 2414 sententiae.
1767 2331 1776 2342 ’

252 2541 290 2610 ln
320 2541 416 2610 omni
446 2537 591 2608 Lichenc
617 2531 787 2630 completo
812 2497 915 2620 dnae,
947 2555 984 2608 nt
1005 2533 1156 2620 videtur,
1181 2529 1348 2624 diversae,
1374 2543 1493 2638 cuique
1517 2537 1720 2622 observaturi
1738 2549 1774 2630 ἰι

156 2643 253 2738 primo
278 2633 452 2736 adspedlu,
490 2631 557 2708 sese
583 2631 731 2710 offerunt
755 2657 882 2733 parter,
920 2663 1063 2736 quatum
1092 2663 1157 2710 urta
1183 2663 1303 2734 corpur
1338 2635 1436 2736 ipsine
1470 2644 1623 2718 Lichenia
1652 2653 1780 2728 contii.

19 2767 20 2772 ¹
157 2758 258 2829 tuma,
286 2743 419 2817 Tiralies
437 2765 457 2808 a
477 2763 533 2812 ιιιι
549 2734 686 2818 dicitur,
710 2734 809 2808 altera
832 2760 1073 2836 vetocorpora
1098 2734 1275 2820 numerosa
1298 2743 1451 2827 minora,
1479 2742 1698 2843 utplurimum
1712 2755 1772 2830 ali·
1867 2837 1870 2844 ⁴

154 2859 197 2914 ter
219 2841 360 2916 colorata
382 2840 551 2938 tltalloque
568 2837 666 2910 affixa
686 2834 784 2924 sistit,
810 2863 894 2936 quae
911 2840 1087 2934 Apotstetia
1112 2837 1200 2941 apud
1222 2865 1277 2914 me
1297 2841 1516 2940 appellantur.

257 3039 393 3118 Tlaallce
428 3047 496 3136 jam
520 3033 785 3134 crnslaesorrnia,
804 3009 959 3137 'simplex
979 3039 1034 3114 vel
1056 3039 1269 3138 effiguratos,
1303 3047 1371 3136 jam
1394 3037 1553 3120 soliacettt
1577 3068 1611 3123 et
1628 3041 1781 3148 lobatne,¹

152 3149 212 3238 jam
230 3139 375 3218 ratttosnt
399 3163 432 3215 ιι
454 3140 589 3240 angulle
612 3141 801 3224 laciniatut,
836 3137 1009 3238 ednplici
1030 3137 1204 3216 subliactia
1231 3140 1433 3240 compofitot
1457 3145 1520 3218 eil:
1557 3174 1622 3222 una
1650 3149 1771 3236 scilicet

152 3249 312 3332 exteriori,
344 3244 565 3342 utplurimum
587 3241 734 3326 duriori,
766 3239 975 3340 cartilaginea
1006 3243 1058 3316 uel
1088 3243 1271 3327 mustacea,
1313 3247 1526 3342 lromogenea
1558 3269 1590 3322 et
1622 3259 1677 3328 vix
1702 3260 1769 3334 ulla

152 3342 394 3446 organisationia
422 3343 514 3518 srpna
537 3349 571 3416 in
595 3339 651 3416 sua
670 3360 794 3416 textura
814 3341 975 3438 prodente
983 3397 996 3430 ,
1020 3338 1077 3415 sed
1096 3349 1131 3416 ιιι
1150 3371 1213 3442 qua
1235 3346 1359 3444 ubique
1379 3369 1557 3422 occurrunt
1574 3353 1768 3455 corpuscula

151 3443 353 3522 minutillima
377 3443 450 3546 spat
465 3472 484 3518 a
500 3443 703 3530 nidulantia,
729 3447 767 3514 iia
788 3439 976 3531 simillima,
1004 3449 1144 3544 quaein
1167 3449 1358 3544 Apotheeiit
1380 3443 1616 3536 observantur.
1646 3458 1769 3538 etidco

19 3629 20 3632 ,
151 3556 239 3627 etiam
262 3573 320 3648 pet
344 3544 376 3620 se
403 3546 570 3645 proligera
594 3545 648 3618 ιιι.
700 3547 799 3618 Hanc
818 3547 991 3620 turtitnlertt
1014 3543 1106 3631 dial,
1131 3572 1211 3622 nam
1237 3548 1372 3622 llratutn
1395 3568 1427 3620 et
1450 3544 1645 3646 supremum
1666 3582 1699 3636 et
1719 3569 1777 3637 in.-

148 3649 259 3722 limum
289 3649 381 3722 tballi
410 3645 511 3722 efficit
538 3650 573 3720 ita
602 3646 768 3743 plerisque
794 3645 991 3722 Lieltenibut
1017 3640 1189 3731 foliaceit,
1229 3645 1316 3746 apud
1344 3647 1507 3746 quosdam
1534 3653 1657 3732 horum
1686 3688 1769 3738 vero

147 3745 246 3825 sobtna
271 3747 473 3824 defidetarur
493 3753 540 3820 uti
566 3752 665 3820 etiam
684 3750 720 3818 in
742 3746 911 3820 cruilaceia
934 3741 1180 3828 unilormibust
1209 3744 1402 3822 in-ramolit
1424 3757 1636 3830 circumcirca
1665 3768 1770 3860 cingit

147 3878 256 3926 eurum
275 3847 422 3948 singulos
446 3873 558 3924 ramot
582 3869 614 3921 et
637 3846 774 3924 lornlaa.
829 3852 869 3920 In
889 3845 970 3920 llatu
992 3845 1133 3934 humido
1153 3845 1455 3947 subgelatinosum‚
1484 3847 1539 3924 sed
1563 3857 1769 3938 confidentia

147 3953 280 4051 quadam
301 3953 447 4024 firmiori
470 3949 652 4034 donatum,
684 3966 819 4051 apparet
842 3950 938 4040 bnjut
962 3943 1156 4024 subllaotiec
1177 3950 1340 4025 corticalis
1361 3957 1603 4050 patencbyma,
1637 3982 1670 4033 et
1695 3987 1768 4039 mu.

145 4055 313 4153 cilaginem
334 4054 600 4153 gelatinamque,
626 4048 730 4149 utque
758 4045 799 4122 ad
828 4045 1008 4125 dimidium
1031 4048 1162 4148 pondua
1187 4055 1305 4144 totiua,
1337 4057 1373 4126 ιιι
1397 4073 1441 4126 ιο
1466 4079 1539 4126 non
1563 4083 1639 4135 raro
1663 4073 1768 4142 conti.

130 4163 223 4242 neri,
249 4161 484 4258 experimentis
508 4152 679 4246 analyticis
703 4169 914 4251 compertum
937 4149 1109 4230 babemus.

247 4355 359 4430 Altera
391 4379 465 4452 part
495 4348 709 4426 substantialia
740 4347 829 4424 thalli
861 4354 946 4424 intra
972 4351 1165 4428 corticalem
1194 4352 1385 4446 recondita,
1418 4383 1502 4459 quac
1531 4361 1673 4440 mollior
1698 4368 1767 4468 ple.·

143 4479 274 4558 rumque
295 4456 363 4540 eil,
387 4455 435 4528 lin
461 4480 542 4554 ρει,
567 4447 708 4535 fibrosa,
734 4445 923 4540 vasculosa,
949 4453 1114 4530 interdum
1142 4451 1350 4546 duriuscule,
1384 4465 1565 4538 medullatis
1592 4492 1689 4540 amc
1707 4493 1764 4566 ap·

144 4561 286 4657 pellatur.
346 4482 641 4654 Apudcollemata
664 4549 837 4626 snbslantia
860 4555 1061 4630 corticalita
1089 4553 1263 4628 medullari
1293 4579 1407 4643 natura
1427 4558 1482 4634 sua
1510 4583 1543 4636 et
1569 4563 1765 4639 conforma.

144 4663 226 4736 tione
248 4664 306 4734 aix
327 4657 481 4736 dillioata
510 4657 566 4733 cll.
617 4656 750 4744 Fibtat,
774 4649 984 4734 substantiam
1007 4659 1094 4734 bano
1117 4657 1258 4734 mollem
1281 4659 1764 4756 bombycinam'medullatem

1115 4761 1198 4840 Ba
1642 4768 1763 4844 mmi
