4466 5536
911 927 914 934 ¹
1054 983 1431 1065 cenusxrv.

794 1183 876 1301 ”12
990 1203 1037 1298 ο
1150 1200 1190 1291 n
1305 1193 1482 1292 ru
1593 1197 1649 1302 n.

1046 1467 1417 1495 uhu-*¹-

921 1627 1202 1744 Characier
1258 1666 1553 1748 Naturalia.
1698 1603 1700 1608 Ι

425 1811 677 1888 Arornectunr
697 1809 937 1888 verruciforme
952 1812 1248 1916 lremisphaericum
1266 1815 1566 1920 subglobosutnque
1584 1810 1685 1888 seinte
1703 1841 1721 1888 a
1746 1814 1849 1888 tballo
1865 1811 2052 1905 formatum

527 1920 669 2010 ,ejusque
690 1909 857 1988 lubllantia
877 1915 1022 1988 corticali
1043 1919 1185 2008 tellum,
1212 1923 1366 1995 thalamia
1385 1923 1489 2018 pluria
1506 1915 1696 2002 iuclutlcne,
1722 1915 1847 2004 putetis
1865 1919 2054 2014 ponciisorss

535 2015 644 2088 inibua
670 2013 826 2110 inrprcil'ts
851 2013 1038 2112 petrofonte
1071 2027 1248 2096 Peritlrttio
1273 2020 1412 2121 fitnplici
1445 2019 1629 2095 tenuissinre
1661 2020 1916 2092 membranaceo
1944 2023 2051 2119 pellu-

536 2112 613 2186 cido
645 2111 878 2210 lplraeroideo,
913 2119 952 2188 ud
979 2114 1185 2214 superficient
1211 2117 1413 2198 vetrucees.
1444 2125 1825 2222 Apotheclifflmmussls
1846 2121 1968 2194 Olliolo
1988 2127 2048 2198 ob·

533 2212 629 2288 scuto
655 2211 748 2314 supra
776 2239 908 2303 notato,
934 2225 1085 2296 Noricum
1111 2243 1218 2299 toturn
1243 2221 1450 2316 obducente;
1476 2225 1718 2320 purenciymete
1746 2219 1856 2292 nuclei
1875 2216 2049 2324 subgelatiq

533 2311 1040 2394 nosocelinioso-veficuiisero.
1985 2323 1992 2340 ’

528 2445 673 2540 Gorgpli
690 2447 771 2514 intra
788 2445 895 2516 nuclei
912 2447 1069 2544 proligeri
1092 2444 1321 2540 substantiam,
1347 2424 1485 2525 Cellulia
1506 2449 1667 2548 elongatit
1691 2468 1724 2522 et
1745 2447 1902 2526 Vellculia
1922 2447 2047 2530 oblue-

530 2549 603 2634 gis,
630 2541 751 2643 duplici
769 2549 958 2618 tnernbrana
980 2551 1096 2620 cint‘lir
1114 2548 1288 2635 relectam,
1315 2552 1477 2648 congelli.

418 2667 599 2745 Taurus
620 2669 786 2746 crulleceo
798 2671 1027 2771 cartilagineus
1043 2674 1096 2748 rel
1116 2670 1320 2775 subleprolue
1337 2673 1516 2750 uniformia
1532 2671 1723 2752 subrffulua.
1818 2705 1826 2724 ’

960 2877 1519 2916 ἰιι-ιιοιιιι-ιι-ι...ι-ιιι-ι-ιιι-ιι--ἱ

1011 3063 1446 3184 Obserqaationee.

416 3191 640 3386 Verrucae
658 3217 881 3313 Apotheciunr
898 3211 1067 3315 quoddam
1092 3243 1275 3294 commune
1299 3224 1486 3304 exhibentes
1505 3213 1603 3316 idque
1622 3217 1656 3288 in
1673 3217 1739 3290 boe
1758 3215 1887 3288 Genere
1903 3235 2039 3294 externe

531 3315 725 3406 formantes,
751 3343 821 3390 ooo
839 3315 899 3390 nist
916 3319 1177 3412 protuberentiae
1192 3316 1265 3392 sunt
1280 3326 1288 3390 i
1294 3319 1377 3418 plius
1392 3320 1482 3394 thalli
1497 3327 1592 3418 eique
1607 3317 1815 3402 concolores,
1840 3341 1948 3417 neque
1964 3313 2034 3392 sub·

414 3415 528 3492 ilentia
547 3413 599 3488 sua
617 3423 708 3488 in·et
728 3438 858 3490 externa
873 3420 913 3489 ab
928 3443 969 3487 eo
988 3413 1156 3491 differunt.
1214 3425 1335 3494 Forma
1356 3415 1630 3519 hernilphacricae
1651 3419 1868 3518 utplurimum
1891 3419 1942 3492 vel
1966 3413 2037 3493 sub·

411 3513 588 3616 globosae,
614 3517 793 3615 aliquando
815 3512 1063 3603 subdifformet,
1093 3513 1187 3619 supra
1208 3523 1335 3618 ponciis
1361 3519 1500 3594 totidem
1518 3517 1674 3615 imprcllie
1697 3538 1845 3604 notatae,
1872 3523 2037 3618 quottba·

412 3621 511 3694 latnie
530 3623 613 3692 intua
629 3625 811 3692 continent.
865 3623 946 3690 Sunt
966 3617 1082 3692 illbeec
1102 3625 1221 3718 puncle
1240 3617 1390 3720 irnprella
1413 3622 1530 3696 ostiola
1546 3625 1688 3705 minuta,
1715 3619 1892 3718 paniculae
1910 3621 1957 3692 illi
1977 3647 2033 3717 pe.

410 3723 538 3796 eitltecii
555 3715 803 3818 respondentia,
830 3746 894 3820 qua
912 3718 952 3791 ad
968 3714 1174 3818 superficiem
1194 3749 1347 3798 verrucae
1371 3727 1618 3820 approximatur
1637 3741 1669 3794 ct
1688 3746 1770 3816 quoe
1791 3719 1904 3792 denuo
1920 3719 2033 3820 perl'o·

331 3877 342 3888 .
411 3841 511 3898 retur.
563 3815 721 3896 Fuscescit
738 3821 789 3894 vel
812 3827 951 3920 nigricat
967 3820 1023 3896 illa
1043 3849 1116 3922 para
1138 3828 1307 3922 perithecii
1329 3830 1361 3898 in
1388 3823 1549 3922 plerisque
1571 3817 1755 3918 speciebus,
1784 3847 1888 3920 aeque
1913 3849 1951 3894 ac
1973 3849 2032 3922 po.

410 3949 464 3996 tue
489 3918 659 4022 imprellur
683 3929 716 3994 in
743 3918 913 4022 superficie
938 3949 1112 4012 verrucae,
1149 3951 1226 3998 curn
1248 3950 1316 4024 quo
1343 3919 1532 4001 concrescit.
1593 3919 1771 3994 Thalanria
1800 3943 1897 4014 a-4,
1930 3929 2031 3998 etiam

410 4025 517 4124 plura,
545 4029 627 4099 intra
648 4049 748 4096 unanr
767 4023 986 4126 eamdemque
1000 4051 1171 4099 verrucam
1189 4023 1377 4126 frequenter
1397 4045 1585 4108 occurrunt,
1609 4018 1776 4120 'sphaerica
1794 4023 1943 4121 quidem,
1974 4018 2029 4096 sed

409 4151 487 4198 raro
505 4129 614 4200 crille
630 4121 778 4226 globosa.
832 4126 993 4202 Cirillime
1009 4153 1129 4225 equanr
1147 4131 1312 4204 imbibunt
1324 4151 1356 4202 et
1372 4121 1592 4200 intumescunt
1608 4123 1809 4204 bumellata,
1842 4121 2031 4220 pellucidis·

408 4223 491 4298 liuta
509 4227 654 4317 byelina.
714 4231 930 4302 Peritlrecium
957 4227 1042 4301 adeo
1062 4249 1160 4301 tenue
1183 4249 1215 4300 et
1241 4231 1442 4328 diepltcnuut
1463 4247 1499 4300 ut
1521 4232 1577 4298 vix
1598 4222 1753 4318 dillingui
1776 4221 1872 4321 polltt
1893 4227 1934 4296 ab
1957 4221 2027 4324 ipl'a

407 4323 581 4400 substantia
597 4325 727 4414 nuclei,
752 4357 836 4428 quee
853 4329 989 4402 Cellulie
1006 4329 1166 4426 elongatis
1187 4349 1219 4402 et
1235 4329 1380 4403 celicolis
1399 4327 1553 4424 oblongis
1572 4323 1758 4425 promiscue
1778 4325 1942 4424 congellir
1959 4345 2028 4399 tote

408 4429 530 4524 repleta
548 4425 602 4502 eli.
656 4432 741 4502 intra
760 4431 903 4504 Cellulas
918 4429 1053 4504 lincares
1072 4425 1219 4516 obtusae,
1254 4429 1421 4502 Veficulae
1441 4429 1607 4524 oblongae
1627 4447 1702 4518 2·4
1719 4445 1797 4498 'raro
1814 4425 1942 4522 pluree,
1967 4424 2028 4500 du·

407 4529 485 4628 plici
509 4529 732 4601 membranula
762 4530 907 4604 cellulari
943 4525 1125 4630 praeditae,
1158 4525 1334 4615 foventur,
1370 4555 1434 4601 una
1467 4524 1546 4600 serie
1575 4523 1754 4600 l‘ecundurit
1778 4525 2026 4622 longitudinem

233 4625 238 4634 ’
301 4675 307 4682 -
407 4629 598 4704 cellularum
618 4626 812 4730 dispofitae3
847 4627 904 4707 sed
925 4627 1082 4706 ucliculae
1101 4631 1200 4706 etiarn
1220 4626 1381 4707 solitariae
1399 4629 1449 4706 tel
1471 4631 1579 4730 plurea
1599 4629 1734 4729 oblique
1761 4627 1851 4730 quali
1872 4649 2026 4702 concate-

1036 4745 1049 4760 '
1933 4749 2030 4806 oatae
