4466 5536
804 997 1102 1080 uenuste

570 1209 1336 1326 BIATORA.

790 1459 1118 1492 *¹*-

643 1667 917 1743 eheretter
966 1669 1253 1754 Neturelie.

142 1821 392 1890 Arounccrrrrr
415 1811 635 1888 orbicnletum
654 1841 1019 1892 concerto-convexum
1041 1821 1144 1896 thello
1169 1817 1363 1898 immersum
1383 1832 1642 1927 merginetume
1664 1836 1762 1914 tbele·

242 1924 316 1989 mio
339 1911 490 1990 solitario
511 1913 756 2014 compositnm3
791 1923 969 1995 Peritbrrio
992 1917 1131 2020 simplici
1159 1919 1244 1997 duro
1268 1922 1478 2002 creffiusculo
1496 1953 1587 2020 etro,
1624 1943 1762 2034 apothe-

242 2025 329 2092 cium
349 2039 446 2092 entur
468 2013 640 2118 subtusque
663 2040 810 2116 tegente,
845 2017 958 2115 supra,
985 2027 1068 2094 intre
1090 2029 1277 2122 marginem
1300 2052 1400 2126 quern
1419 2027 1560 2118 formet,
1587 2035 1759 2118 deficiente

241 2141 282 2218 et
297 2139 434 2218 operto,
459 2113 587 2192 discum
612 2148 630 2193 e
660 2125 777 2194 Nurlro
797 2117 924 2194 incluso
952 2130 1167 2218 proveniente
1193 2125 1320 2198 nudum
1347 2148 1379 2204 et
1400 2131 1689 2212 conceviusculum
1709 2169 1758 2216 re.

241 2219 441 2390 gementu
473 2227 717 2322 perreriynatr
739 2221 849 2295 nuclei
880 2218 1124 2322 subgeletinosu
1154 2220 1350 2317 subsimileri
1376 2231 1559 2312 tenuiffitne
1584 2239 1784 2320 celluloso··

269 2341 365 2398 mlo·

240 2449 390 2548 Gongylr‘
402 2449 485 2518 intre
503 2424 711 2520 subslentiem
727 2445 832 2522 nuclei
847 2445 1045 2530 nidulentee.

143 2571 314 2647 Teucrus
333 2570 515 2646 erusseeerrr
531 2590 683 2648 tertereue
702 2569 881 2648 uniformit
896 2569 1202 2655 subdererminetut.

724 2958 1147 3046 observationes.

140 3096 293 3286 Exciso
307 3118 487 3193 orbiculata
510 3111 583 3190 sunt
598 3117 693 3210 bnjur
716 3119 852 3191 Generis
877 3120 1076 3213 Apothecie,
1099 3114 1244 3191 maxime
1270 3113 1323 3191 sue
1344 3139 1434 3218 perte
1454 3123 1578 3200 rrullee
1597 3129 1750 3210 immersa

240 3243 270 3296 et
288 3249 357 3294 nou
375 3219 435 3293 nifi
454 3223 578 3292 enrbitu
599 3216 659 3291 suo
681 3220 811 3291 clereto
832 3238 979 3290 tumente
1000 3211 1094 3317 supre
1110 3246 1183 3291 eern
1200 3227 1442 3319 prominentie;
1480 3221 1574 3324 supre
1599 3256 1751 3310 erravere

139 3317 238 3394 subtur
256 3348 423 3408 converte,
449 3316 559 3395 cresse.
611 3323 835 3422 Eperitbecio
851 3318 936 3391 duro
960 3340 1053 3408 etro,
1079 3323 1240 3392 ambitum
1267 3317 1321 3392 seu
1342 3329 1531 3420 marginem
1550 3326 1703 3406 obtusum
1721 3357 1752 3411 et

140 3444 236 3494 totum
257 3426 466 3520 apothecinm
483 3423 695 3494 circumcirca
720 3417 893 3520 subtusque
909 3417 1117 3511 includente,
1151 3416 1205 3495 sed
1227 3415 1353 3494 discum
1382 3418 1492 3498 solum
1511 3427 1639 3502 nudum
1655 3437 1751 3510 telin.

158 3547 268 3611 cente,
293 3545 421 3622 etquec
439 3528 696 3620 perencbymete
711 3545 856 3598 corneo·
868 3523 1007 3616 hyalino
1028 3525 1111 3594 intre
1128 3527 1345 3623 perithecium
1364 3527 1594 3622 reconditum,
1621 3530 1749 3612 discum

137 3547 264 3723 superne
278 3622 465 3711 sormunte,
492 3622 692 3722 composlte.

238 3827 406 3898 Peritbecii
431 3831 466 3900 in
490 3822 661 3902 substentie
686 3823 809 3901 erussee
828 3817 996 3900 recondite
1020 3847 1093 3920 pere
1116 3819 1250 3896 ereffior
1274 3821 1320 3894 esl
1341 3841 1372 3896 et
1392 3819 1501 3897 versor
1516 3827 1671 3905 nucleum
1689 3835 1747 3907 ibi·

137 3919 204 3998 dem
220 3921 409 4004 snseescem.
462 3928 605 4002 Nocleos
624 3923 837 4026 compressor,
865 3922 959 4022 supre
976 3919 1246 3998 eonceviusculue
1263 3925 1318 3998 obi
1335 3919 1460 3998 discum
1475 3923 1649 4018 efformet,
1675 3930 1747 4009 sub·

137 4041 368 4104 tureonrexur.
425 4031 480 4102 Sic
500 4023 627 4115 discus,
660 4029 768 4102 ssriue
792 4026 977 4109 nedictus,
1001 4026 1130 4113 nullut,
1156 4021 1275 4100 seilicet
1298 4032 1340 4098 ite
1364 4049 1571 4126 corriperetur
1595 4051 1630 4102 ut
1656 4035 1746 4133 epud
1872 4073 1874 4080 ¹

135 4127 326 4202 Leeideer
346 4151 377 4204 et
395 4131 650 4215 berennus,
676 4156 754 4202 rtem
780 4129 870 4202 nullo
896 4124 1050 4226 singuleri
1074 4126 1216 4228 quedam
1244 4128 1436 4198 membrene
1460 4128 1604 4203 colorete
1625 4130 1747 4211 discoi-

134 4221 188 4296 dee
206 4232 304 4303 tcdlnr
321 4232 384 4314 est,
411 4227 464 4302 sed
481 4228 548 4330 ipse
569 4232 709 4318 nucleue
727 4229 835 4304 nudus
856 4250 984 4311 menet,
1019 4249 1152 4327 excepte
1176 4231 1294 4325 pruine
1316 4232 1449 4301 cinereo
1462 4227 1603 4316 -ceesie,
1628 4260 1692 4334 que
1709 4244 1744 4314 in

122 4323 204 4398 llere
222 4327 304 4404 liceo
322 4331 508 4409 obducitur.
559 4335 614 4406 Ob
628 4337 713 4406 benc
727 4337 881 4434 pminem
897 4355 968 4402 noo
983 4325 1082 4412 seeile
1095 4327 1295 4412 observetur,
1318 4327 1408 4427 quod
1425 4327 1550 4421 nudus,
1577 4331 1643 4408 five
1658 4347 1743 4438 peri.

132 4430 234 4502 tberio
250 4433 302 4506 vel
317 4435 378 4506 elie
403 4434 594 4506 membrene
614 4437 715 4510 tellus
739 4433 791 4518 fit.
855 4431 977 4510 sinitis
1005 4437 1105 4506 etiem
1136 4429 1181 4505 ess
1210 4425 1361 4504 conditio
1386 4427 1466 4506 disci
1488 4437 1740 4534 apotheciorune

130 4528 212 4628 epod
239 4531 474 4634 Grepbidee
501 4531 684 4634 pruinosae.

1063 4687 1101 4758 tt
1676 4689 1743 4764 Pro
