4342 5540
473 445 550 525 280
1046 429 1532 538 arnnucnnrnleinpblneai
1628 451 1652 554 ι’

479 659 527 716 to
548 631 875 715 VERRUCARlll
909 632 1235 732 hymnothota.

525 765 690 841 Vacculla
712 765 962 836 membranacea
983 762 1138 860 laevigata
1154 755 1475 862 albu-pallescente3
1500 759 1682 860 apotheciir
1697 757 2066 862 planareunrexiulculin

589 869 769 966 peritltecio
796 869 830 936 in
856 867 979 936 ambitu
1004 855 1154 960 deprell'o
1181 861 1337 960 papillato
1360 863 1515 937 nucleum
1531 859 1700 964 prolunde
1718 857 1908 942 irmuerluru
1922 862 2067 968 subglulu·

359 1034 365 1042 .
461 1019 470 1036 ·
568 965 660 1041 ‘sum
676 973 810 1066 nigrum
826 963 1030 1040 minutulum
1048 960 1143 1064 supra
1159 985 1301 1064 tegente.

527 1095 662 1170 Habitat
675 1091 717 1166 arl
735 1095 893 1168 corticem
908 1093 1095 1192 Bignoniae
1111 1089 1286 1188 triphyllae
1300 1093 1335 1164 in
1353 1093 1505 1166 Anaetica
1522 1087 1701 1167 meridien.
1730 1097 1874 1175 Smarlz.

455 1305 461 1322 ἢ
527 1219 644 1302 crusta
660 1215 747 1296 haud
772 1218 837 1292 late
852 1215 906 1292 sed
929 1212 1238 1289 subindetern'tinate
1258 1211 1414 1312 expansa,
1440 1215 1619 1318 aliquando
1644 1216 1766 1292 lineola
1790 1213 1977 1298 luscescene
1994 1215 2066 1296 lubli·
2139 1295 2140 1316 χ

587 1327 701 1398 mitata
724 1313 829 1392 tenuis
857 1320 1107 1394 membranacea
1130 1311 1327 1390 laeviulcula
1353 1315 1467 1416 palllrn
1496 1318 1672 1394 hincinde
1694 1317 1855 1398 diffralla.
1919 1327 2065 1422 Aputhrria

586 1431 691 1500 rarius
708 1415 811 1520 sparsa
827 1427 913 1493 lnter
930 1423 1024 1513 liujus
1040 1421 1176 1490 Generis
1193 1425 1317 1512 majora
1328 1471 1351 1512 ,Ι
1366 1413 1418 1491 sel
1434 1447 1550 1518 parurn
1565 1416 1658 1522 supra
1675 1421 1817 1496 erullarn
1839 1424 1972 1508 elevata,
1993 1449 2066 1495 eon·

586 1516 690 1625 bobta
705 1550 723 1596 e
740 1525 920 1622 peritlreeio
939 1519 1062 1594 crullae
1077 1515 1219 1603 adnutu,
1246 1523 1279 1591 in
1298 1519 1414 1593 medio
1433 1519 1596 1608 craffiort,
1627 1521 1667 1594 ad
1692 1527 1856 1598 ambitum
1884 1520 2067 1598 suburbiculr·

586 1623 764 1706 rcrntenui
783 1645 811 1696 et
830 1649 908 1696 curn
923 1619 1026 1695 crulla
1040 1642 1205 1703 connato,
1231 1647 1292 1694 nec
1315 1617 1374 1694 lub
1393 1649 1429 1694 ea
1447 1621 1567 1695 ibidem
1586 1621 1787 1718 profundius
1804 1622 1979 1714 immerso,
1994 1621 2065 1724 lupn

581 1720 927 1904 ili‘lllltell'd
940 1723 1146 1922 libili
1165 1722 1292 1896 llll,
1306 1721 2066 1925 iiuisslliinffibglll⁰i²0isslilili2cl⁶'ull

586 1954 666 2004 narn
684 1927 928 2026 cartilagineatn
950 1919 1235 1997 convexiulculam
1253 1945 1379 1998 tantum
1401 1930 1611 2028 perhibente,
1645 1929 1747 2002 latitat
1765 1935 1882 2002 cortici
1906 1925 2067 2026 profundiut

586 2024 759 2106 immersus
774 2027 908 2102 nucleus
925 2026 1106 2098 tuinutulus
1128 2028 1173 2097 ob
1192 2026 1342 2100 colorem
1364 2032 1543 2124 peritlrecio
1563 2019 1632 2102 fere
1652 2027 1863 2104 consimilem
1882 2036 1914 2104 in
1936 2027 2008 2102 liceo
2027 2034 2067 2100 rit

587 2130 838 2225 distinguibilis,
865 2122 1101 2226 subglnbuluar
1126 2147 1159 2199 at
1175 2129 1380 2202 humectatus
1397 2134 1504 2230 magia
1527 2128 1709 2232 pellucidur
1730 2155 1762 2206 et
1783 2125 2025 2234 subgelau'nolus
2041 2135 2066 2202 iu

584 2227 801 2330 conspertum
821 2237 968 2305 venient.
2140 2247 2141 2250 ’

523 2363 581 2438 Ob
600 2361 766 2456 petithccii
788 2355 980 2430 llrurluram
998 2353 1094 2466 valde
1115 2349 1286 2456 lingularir
1309 2355 1352 2430 ell
1377 2359 1494 2430 haecce
1516 2353 1655 2454 l'pecier,
1680 2385 1759 2433 eum
1780 2355 1970 2462 §agellis
1986 2355 2066 2430 affini·

584 2483 684 2534 tatem
703 2463 848 2544 babent,
873 2455 927 2535 stt
949 2462 1066 2557 procul
1084 2461 1187 2532 dubio
1205 2464 1481 2533 Verrucariir
1500 2457 1758 2535 adnumeranda.

527 2583 650 2687 Pupilla
665 2607 697 2656 et
718 2604 805 2680 parte
820 2579 976 2680 suprema
991 2582 1242 2675 convexiuscula
1263 2587 1430 2681 peritltecii
1455 2589 1489 2656 in
1507 2583 1703 2684 quibusdam
1724 2581 1869 2659 fortuito
1886 2579 2008 2670 abram,
2026 2607 2066 2678 ap·

588 2709 679 2784 paret
698 2682 804 2781 ipsum
827 2689 1038 2780 apotlrecium
1054 2683 1147 2782 supra
1173 2691 1273 2784 inque
1291 2706 1380 2781 parte
1397 2673 1598 2757 sua⁰centrali
1615 2685 1785 2772 albitum,
1816 2693 1853 2782 (e
1865 2681 2066 2764 crullaibiletu

586 2783 749 2904 denudata
759 2789 790 2880 ‚)
812 2807 842 2860 et
858 2787 898 2858 ab
918 2789 1043 2859 ambitu
1062 2791 1230 2886 peritbecii
1249 2781 1398 2889 deprello
1414 2784 1503 2890 quast
1520 2793 1620 2893 nigro
1636 2789 1830 2866 ocellatum.

405 2997 411 3008 “
477 3013 537 3072 tt.
563 2951 887 3068 VllRRUCARlA
917 2981 1208 3064 Tetracerae.

526 3121 568 3196 V.
595 3114 699 3189 eralla
728 3116 977 3189 membranacea
1004 3111 1163 3212 laevigata
1191 3109 1523 3200 cinereo-nlivace23
1558 3115 1738 3212 apotheciir
1760 3113 1910 3216 globulis
1936 3123 1967 3192 in
1990 3110 2070 3190 nula

585 3218 709 3292 elevata
727 3213 886 3290 immerlie
901 3243 1005 3316 eaque
1023 3214 1062 3288 ad
1080 3213 1168 3288 basin
1182 3215 1317 3308 pictilit,
1340 3221 1507 3315 peritltecii
1524 3221 1616 3319 apice
1636 3241 1793 3294 convexo
1818 3217 2019 3323 lubpapillatu
2035 3221 2072 3292 ni·

587 3343 672 3417 gro,
697 3317 818 3391 nucleo
835 3314 967 3392 sordide
985 3319 1156 3392 albicante.
1559 3319 1563 3329 ’

396 3489 410 3502 -
524 3449 719 3520 Verrucaria
737 3425 948 3518 Tetracerae.
973 3445 1094 3570 Acbnr.
1113 3443 1216 3519 Mart.
1234 3443 1322 3519 Litlr.
1340 3469 1375 3540 p.
1388 3467 1445 3520 tet.

523 3571 658 3648 Habitat
675 3564 716 3639 acl
729 3571 888 3642 corticem
904 3571 1103 3643 Tetraeerae
1120 3572 1154 3643 ia
1170 3570 1310 3643 Guinea.
1343 3571 1509 3664 Afzrliut.

523 3697 707 3799 Apothecia
726 3717 791 3766 una
808 3717 885 3768 curn
904 3693 1008 3770 crussa
1020 3698 1075 3767 eui
1089 3687 1244 3768 immersa
1262 3715 1293 3766 et
1309 3719 1450 3794 quacum
1467 3713 1620 3772 concreta
1636 3691 1731 3788 sunt,
1761 3697 1889 3776 eleuata
1902 3721 1937 3776 ut
1951 3707 1980 3776 in
1996 3703 2073 3774 vn:

587 3821 673 3871 rue.
694 3791 857 3880 nitida,
892 3789 947 3868 secl
973 3793 1080 3869 multo
1103 3801 1235 3892 minora
1263 3815 1296 3868 et
1321 3799 1377 3868 vix
1403 3793 1464 3870 nili
1486 3792 1637 3896 suprema
1661 3821 1692 3872 et
1715 3805 1859 3876 minima
1885 3830 1995 3879 eornm
2016 3821 2072 3900 part

442 3917 446 3924 ’
586 3893 682 3994 lupra
697 3895 836 3970 crustant
862 3893 951 3971 nuda
971 3915 1002 3970 et
1024 3901 1117 3996 nigra
1143 3895 1200 3974 ell.
1264 3897 1443 3998 Reliquum
1468 3925 1587 3996 corpur
1609 3905 1776 4000 peritlrcn'i
1793 3906 1919 3980 erullae
1934 3903 1997 3980 lere
2012 3925 2075 3974 con·

584 4001 683 4074 color
708 4017 740 4068 et
764 4001 803 4070 ei.
822 3993 1017 4070 immersum
1045 3996 1196 4082 recondit
1228 3999 1383 4072 nucleum
1406 3995 1653 4075 solidiulculum
1679 4009 1897 4104 peritbeciuur
1920 4007 2075 4104 replentur

583 4095 717 4176 sordide
745 4100 968 4189 albicantem,
1006 4095 1059 4174 sed
1092 4097 1258 4174 saturatiur
1279 4103 1417 4174 tiudlurn
1438 4127 1539 4201 quam
1557 4109 1726 4179 internum
1758 4113 1925 4204 peritbecii
1954 4109 2074 4182 llratun.
2109 4181 2112 4188 ,

584 4203 729 4278 Nucleua
751 4227 828 4274 eum
850 4219 940 4298 parte
956 4204 1124 4300 perithecii
1142 4201 1310 4282 interdum
1326 4201 1481 4290 elabitur,
1514 4226 1550 4277 ut
1573 4210 1609 4278 in
1632 4206 1704 4281 aliia
1725 4213 2004 4286 Verrneariae
2020 4201 2075 4298 lpt·

513 4301 518 4318 '
585 4304 714 4389 ciebua,
748 4297 986 4402 loreolarnque
1000 4309 1041 4376 in
1059 4303 1183 4395 mulla,
1217 4331 1300 4404 quae
1323 4309 1535 4380 circumcirca
1556 4301 1722 4408 frangitur
1743 4307 1836 4402 (lere
1858 4331 1895 4386 ut
1917 4301 2076 4408 incaplult

585 4397 841 4494 circurnlcitl'a),
881 4404 1055 4504 relinquit,
1095 4427 1127 4478 at
1152 4431 1223 4480 nun
1248 4425 1352 4480 atram
1377 4424 1413 4478 ut
1438 4413 1472 4478 in
1499 4411 1673 4486 Verrue.
1701 4411 1844 4487 nitida
1870 4433 1903 4488 et
1932 4419 2074 4486 Verrue.

583 4499 633 4580 al
636 4503 758 4603 pillea
785 4499 839 4578 led
863 4499 995 4578 sordide
1013 4504 1179 4592 albidum
1212 4533 1290 4580 nam
1313 4504 1484 4582 subllantia
1508 4515 1634 4583 interna
1655 4517 1823 4610 peritbecii
1846 4519 1883 4591 in
1907 4519 1969 4593 bac
1990 4509 2078 4617 sperit

585 4603 695 4688 albida
710 4603 754 4682 cll
770 4629 833 4684 nec
846 4612 942 4708 nigra
963 4611 1008 4681 uti
1026 4603 1213 4712 luperllaier
1233 4613 1377 4686 crttrior
1392 4603 1501 4684 versun
1516 4617 1681 4714 apotheeii
1698 4620 1839 4718 apicem.
