4330 5532
590 367 595 374 ·
659 297 872 414 attentantis.
902 336 1085 415 Rinorliua.
1618 372 1689 448 253

169 541 349 620 individuis
369 563 400 618 et
429 545 512 618 lucia
534 537 659 616 diversa
689 563 721 616 et
750 545 827 618 ltine
862 537 1090 664 diguaetquae
1119 540 1343 620 describantur
1370 542 1541 648 sequemet
1566 560 1690 655 praeei-
1842 589 1845 596 ·

169 675 253 749 puae
278 657 347 743 ejua
369 653 559 724 varietatene

90 818 125 908 β.
149 827 182 895 L.
207 823 350 920 sistrum:
382 819 485 894 crusla
514 815 788 892 subrleterminata
819 819 988 917 irregulari
1012 773 1170 918 laevigata
1197 775 1318 896 rirtsol'a
1338 821 1688 924 albo-cinerescant„

39 937 44 948 '
137 930 316 1024 apotheeiia
342 921 588 1008 subturbinatis‚
611 917 717 992 ·disco
745 922 1027 1018 plano-concavo
1057 918 1304 1022 submargiuato
1330 924 1687 1026 nigro-susenteblie,

139 1025 245 1098 subtus
267 1053 284 1098 a
307 1026 410 1100 tballo
432 1021 605 1109 sormatit,
631 1028 783 1122 margine
802 1031 871 1116 ejus
897 1021 1050 1096 evanido.
1114 1093 1118 1104 ,

114 1179 244 1249 naum
268 1179 301 1248 tn
321 1167 401 1246 sans
430 1137 612 1250 uelletne.
665 1169 848 1250 sitienter.

114 1331 161 1402 Ob
181 1329 435 1426 aporitecinrum
464 1311 745 1426 metamorphosin
770 1347 929 1420 perquam
958 1320 1140 1420 singularia.
1187 1331 1240 1398 -Ιιι
1270 1331 1376 1422 prima
1403 1351 1524 1402 eorum
1549 1325 1689 1416 iufamia

168 1435 205 1498 iis
234 1432 422 1500 Lecanurae
450 1427 630 1497 coarsiatae
660 1421 777 1496 similia
806 1419 880 1496 suut
908 1445 940 1496 et
966 1432 1118 1524 margine
1144 1426 1292 1500 thallode
1322 1423 1485 1504 subcinsla
1511 1429 1690 1508 observata·

166 1531 243 1616 mr,
282 1525 334 1600 sed
363 1523 471 1598 discut
501 1525 577 1598 dein
610 1524 761 1598 dilatatur
793 1547 824 1596 et
847 1523 1118 1600 concavinsculas
1140 1525 1273 1623 tandem
1298 1528 1413 1626 planus
1434 1530 1545 1605 evadit
1565 1557 1689 1610 totum-

167 1657 234 1732 que
255 1635 465 1728 apothecium
492 1623 585 1725 supra
613 1633 711 1726 tegit3
745 1625 834 1698 unde
861 1623 949 1725 quali
977 1629 1164 1699 truncatum
1188 1653 1320 1725 apparet
1342 1657 1449 1729 mque
1477 1636 1582 1707 ullum
1605 1663 1691 1712 ruar-

166 1741 285 1832 ginent
308 1729 490 1803 thalludem
514 1725 630 1814 offert,
654 1725 775 1800 eodem
803 1725 871 1800 sere
895 1723 1001 1800 modo
1023 1749 1058 1802 ut
1084 1735 1117 1801 in
1147 1735 1333 1823 junioribus
1352 1727 1534 1828 apotbeciia
1560 1741 1688 1818 Stereo.

42 1855 49 1874 ·
166 1833 266 1908 cauli.
332 1837 397 1905 Sub
430 1835 622 1912 membrana
655 1825 823 1902 diseoidea
862 1825 916 1901 seu
951 1829 1119 1928 proligera
1148 1855 1232 1932 ¹part
1272 1827 1412 1905 inferior
1443 1840 1629 1934 apotbeeii‚
1670 1866 1690 1912 a
1767 1889 1773 1896 -

129 2007 134 2017 s
166 1935 274 2006 thalln
296 1933 457 2017 formata,
495 1933 585 2006 illam
612 1937 749 2028 excipit,
783 1925 892 2004 versut
919 1927 1058 2004 'trullam
1091 1926 1147 2006 seu
1179 1927 1287 2004 subtus
1315 1961 1464 2008 convexa
1497 1931 1689 2016 et'tanturu
1761 1909 1769 1928 ⁵

165 2057 285 2108 neutro
315 2031 373 2108 suo
404 2034 512 2105 eidem
538 2031 655 2118 affixa,
689 2029 743 2105 sed
776 2033 873 2105 nullo
903 2035 1054 2129 margine
1077 2034 1209 2106 elevato
1236 2031 1316 2106 disci
1349 2040 1511 2110 ambitum
1537 2046 1687 2139 cingent.

166 2138 221 2212 nd
249 2133 450 2210 Leeideas
474 2157 584 2206 tamen
603 2139 798 2232 neutiquam
830 2129 1001 2206 reserenda
1027 2133 1075 2206 ell
1097 2137 1176 2206 staec
1201 2145 1358 2224 varietas,
1384 2161 1489 2234 quum
1520 2145 1556 2214 in
1579 2140 1689 2216 inlata.

162 2245 205 2314 tia
244 2243 395 2334 margine
425 2235 571 2310 thallode
600 2261 680 2308 vero
707 2234 859 2308 inllrusia
883 2232 946 2306 sint
971 2239 1142 2330 apothecia
1172 2256 1204 2308 et
1230 2235 1270 2308 ad
1300 2261 1419 2312 eorum
1442 2237 1688 2318 conformatio·

59 2350 66 2360 “
164 2367 248 2414 rtem
278 2335 380 2436 ipsam
405 2339 545 2410 crunam
572 2337 760 2440 cpnducer'e
781 2340 814 2408 in
845 2336 1026 2436 propatulo¹
1047 2333 1095 2410 stt.
1160 2337 1244 2412 Fere
1266 2337 1388 2410 endem
1417 2341 1524 2413 modo
1551 2360 1687 2444 compa.

164 2465 236 2515 rata
253 2436 338 2520 suae
364 2444 533 2538 aputbeeia
559 2443 594 2512 iu
622 2441 777 2514 varietate
802 2433 954 2539 sequente
978 2439 1063 2530 (γ),
1086 2431 1140 2511 sed
1169 2443 1204 2511 iu
1237 2443 1298 2514 bae
1328 2432 1398 2536 (β)
1422 2445 1532 2518 niulto
1558 2453 1687 2543 majora

159 2567 191 2618 et
216 2545 424 2643 completam
451 2567 569 2614 eorum
598 2541 828 2626 evolutionem
855 2537 1094 2620 demonstrant.

86 2745 117 2810 γ.
139 2724 175 2793 L.
202 2725 350 2794 rotaria:
375 2715 476 2790 crulla
495 2679 644 2811 subnulia
671 2711 861 2811 pulvefacta
885 2718 1034 2802 cinerea3
1058 2717 1240 2813 apotheciie
1263 2721 1399 2790 minutia
1422 2715 1580 2791 consertis
1604 2747 1687 2794 ron.

129 2817 322 2895 cavinsculia
342 2819 436 2906 airis,
463 2845 534 2896 mar
560 2823 612 2888 ine
638 2807 846 2888 subilexuosu
872 2813 967 2914 supra
991 2812 1163 2915 subtusque
1193 2813 1342 2892 flocculis
1371 2823 1451 2893 albia
1477 2817 1592 2921 palliat
1618 2817 1687 2896 sus·

128 2921 221 3009 suso,
254 2919 390 3016 demum
413 2917 509 2992 nudis
534 2844 846 3016 subinnnargiuatie.

103 3049 243 3124 Lecidea
269 3055 403 3124 rotaria.
454 3043 581 3123 Auster.
607 3047 711 3118 Mella.
735 3045 879 3117 Licinia
904 3043 1014 3138 Suppl.
1043 3069 1080 3138 p.
1095 3069 1132 3116 ιι.

46 3227 53 3234 -
103 3179 236 3250 Habitat
265 3180 299 3247 in
329 3167 410 3247 saxis
431 3175 585 3246 arenariis
608 3173 753 3244 Sveeiae.
810 3167 987 3268 erlrirag.

102 3331 136 3401 ln
161 3326 333 3402 omnibus·
351 3321 461 3396 similit
487 3325 734 3394 Leeanorae
755 3319 995 3404 coardatae
1013 3319 1074 3408 (ιι)
1101 3311 1155 3389 sed
1181 3311 1294 3390 differt
1316 3313 1418 3388 etussa
1441 3313 1615 3406 albidiori,
1638 3315 1709 3394 ιιι.Ι

157 3433 300 3514 ιιιιίοιί,
335 3418 426 3523 la'epe
451 3427 595 3496 omnino
618 3419 810 3509 deficiente,
844 3421 900 3512 (ut
928 3419 1169 3518 crullareorum
1195 3421 1342 3519 plurium
1368 3443 1441 3490 mua
1470 3419 1515 3490 eli
1539 3423 1579 3492 iu·
1605 3419 1703 3496 laxia'

158 3533 322 3604 arenariis
348 3523 548 3616 friabilibus)
572 3519 604 3596 el
629 3521 764 3623 quaudo
791 3519 877 3594 adesi
901 3527 1006 3619 magis
1030 3521 1275 3619 pulverulenta,
1299 3543 1396 3620 atque
1418 3504 1690 3622 ltretamnrplloll

159 3623 447 3729 apotheeinruin5
487 3651 564 3700 nam
599 3627 645 3697 ob
681 3626 819 3698 thallum
854 3625 1087 3720 pulveraceum
1120 3627 1290 3719 apothecia
1323 3627 1515 3720 cingentem
1545 3645 1576 3698 et
1611 3627 1691 3699 inde

158 3729 266 3808 facile
299 3731 481 3804 elabentem
519 3725 648 3800 nudum
679 3745 789 3800 manet
820 3721 899 3800 disci
934 3719 1066 3800 siratuni
1104 3724 1319 3822 proligerum'
1342 3747 1442 3822 atque
1474 3729 1691 3822 apotlteeium

158 3831 277 3934 ipsum
312 3831 438 3906 format
474 3849 509 3901 ut
545 3834 578 3902 in
611 3827 817 3904 Lecideie.
891 3831 1062 3926 Marginee
1094 3821 1199 3911 disci,
1238 3827 1341 3896 hocce
1375 3823 1484 3897 modo
1519 3827 1691 3912 denudati,

159 3943 279 4036 primo
313 3923 439 4032 parum.
465 3931 579 4006 elevati
617 3949 649 4004 et
682 3923 880 4002 subslexuofi
911 3929 1051 4002 demunt
1085 3924 1156 4000 sere
1181 3922 1382 4000 evanescunt
1413 3945 1446 3998 et
1474 3931 1691 4024 apotheciurn

158 4031 408 4144 planiuscuium
438 4037 710 4134 immergimtum
737 4030 867 4104 nudam
889 4050 1049 4104 remanet.
1240 4019 1244 4028 ’
1453 4057 1458 4060 ·

76 4197 100 4294 l.
130 4215 168 4293 L.
192 4217 386 4310 inquinata:
421 4195 525 4282 c'rusla
562 4199 689 4289 rimoso
706 4204 877 4280 -areolata
906 4209 1038 4280 cinerea
1075 4173 1259 4304 pulvinulie
1296 4193 1412 4295 spatsta
1445 4203 1525 4272 atria
1557 4193 1693 4300 hispidia

122 4311 435 4404 subeuttlluentibue
457 4303 594 4410 adspers
608 4361 617 4382 .

90 4446 238 4518 Habitat
259 4436 302 4512 atl
328 4461 426 4536 rupee
455 4437 637 4510 Helvetiae.
689 4429 866 4510 Stlaleitltrr.

95 4571 152 4644 Ob
180 4565 449 4666 singularitatem
473 4565 559 4634 inter
580 4565 747 4637 varietatea
775 4563 1018 4634 Leeannrae
1043 4553 1299 4627 enardatae
1330 4553 1407 4625 beie
1436 4563 1575 4641 recepta.

928 4685 984 4758 zz
1151 4695 1165 4718 ⁶
1231 4723 1235 4730 -
1564 4668 1692 4736 Caren-
