4466 5536
405 451 430 512 a
980 427 1027 500 'ne
1054 447 1250 500 arcanarum
1276 425 1463 499 martana

357 683 363 692 -
407 637 505 708 etiarn
531 629 735 731 reliquarum
766 628 954 729 plantarum
980 647 1277 727 cryptogamarum
1311 620 1578 700 studiifieationie
1607 645 1710 720 opere
1738 628 1872 724 peragi3
1914 645 2038 722 nempe

407 731 499 832 quod
524 755 555 807 et
577 738 736 806 Liabenea
758 753 790 804 et
812 751 935 804 caetera
958 733 1170 829 vegetabilia,
1195 749 1413 828 cryptogama
1435 723 1541 810 dieta,
1567 733 1718 826 genitura
1735 722 1878 800 mascula
1901 723 2041 802 soecun·

406 835 506 910 dante
535 823 891 919 seratineuntllorem,
925 829 1099 916 inslruda,
1132 827 1278 904 studium
1310 853 1427 902 verunt
1458 846 1490 901 et
1519 824 1631 926 sporaa
1658 823 1711 898 seu
1742 824 1867 901 semina
1894 833 2041 920 genuina

405 933 602 1037 proserreut.
663 933 726 1008 Sed
749 931 857 1007 fateor
881 935 984 1019 mihi,
1014 937 1050 1004 iu
1074 931 1268 1005 ssrudluratn
1293 955 1504 1034 organorum
1527 933 1605 1002 huie
1631 933 1747 1026 operi,
1780 949 1817 1000 ut
1846 929 2040 1004 videbantur

406 1060 438 1111 et
459 1041 499 1112 ab
520 1035 706 1134 Hedwigio
728 1035 866 1136 aliisque
888 1035 1103 1135 putabantur,
1130 1027 1379 1106 inservientium
1405 1035 1606 1130 inquirenti,
1633 1026 1720 1101 baud
1742 1025 1936 1130 contigisse,
1968 1059 2038 1104 nta-

405 1135 570 1230 scularum
605 1140 659 1210 vel
686 1133 907 1211 feminearunt
942 1140 1104 1234 partium,
1137 1133 1262 1208 nedum
1286 1129 1507 1206 srudluaveri
1535 1129 1587 1206 vel
1617 1131 1684 1204 ulla
1711 1137 1852 1206 certiora
1883 1133 2038 1233 vestigia,

405 1239 493 1338 apud
517 1242 677 1314 Licbenea
702 1236 864 1334 detegere.
918 1231 1173 1309 Observationes
1198 1231 1370 1332 Hedwigii
1391 1228 1544 1318 resumst,
1581 1238 1772 1306 innumerae
1802 1235 1880 1306 aliua
1903 1235 2036 1322 inssitui,

405 1343 501 1416 bonu
529 1345 620 1414 vitria
646 1337 838 1434 compofitie
864 1333 937 1408 usus
969 1331 1040 1410 sum
1070 1357 1102 1410 et
1127 1341 1162 1408 in
1190 1329 1396 1407 observando
1427 1359 1565 1428 omnent
1593 1331 1774 1408 sollertiam
1799 1361 1838 1406 ac
1864 1333 2037 1412 dexterita-

404 1463 470 1518 tem
495 1440 678 1544 poffibiletn
702 1439 858 1528 adhibui,
885 1434 940 1510 sed
964 1437 1017 1523 id,
1043 1434 1135 1538 quod
1154 1433 1309 1534 detegere
1329 1440 1444 1535 potui,
1468 1461 1488 1508 e
1512 1441 1681 1508 contrario
1701 1463 1757 1508 me
1772 1434 1903 1520 docuit,
1929 1459 2035 1538 partes

402 1543 495 1631 illas,
520 1569 600 1643 quaa
621 1567 683 1640 pro
703 1546 839 1642 organia
862 1535 1013 1612 masculis
1039 1537 1091 1612 vel
1112 1535 1223 1612 faunu
1247 1537 1430 1613 babuerunt
1451 1535 1572 1638 aliqui,
1599 1544 1831 1637 propagationi
1854 1541 2040 1615 Licbenum

404 1650 553 1746 quamvis
580 1641 811 1731 inservientes,
844 1666 953 1742 neque
977 1646 1019 1714 ita
1046 1644 1132 1713 intua
1158 1635 1338 1730 formatae,
1370 1664 1432 1713 nec
1452 1639 1521 1712 alio
1542 1665 1757 1740 quocumque
1779 1637 1926 1738 respediu
1949 1639 2035 1718 adeo

401 1765 626 1845 comparatas,
649 1766 686 1817 ut
706 1769 768 1843 pro
794 1743 911 1816 talibus
933 1763 1004 1814 turo
1025 1743 1136 1815 haberi
1161 1762 1294 1840 queant.
1353 1745 1487 1828 Exiit,
1513 1766 1597 1842 quae
1618 1741 1702 1814 ultra
1727 1736 1858 1814 adserre
1875 1745 2036 1830 conabor,

401 1851 544 1946 patebit,
583 1867 618 1920 ut
642 1852 785 1943 opinor,
824 1871 896 1918 non
926 1861 1053 1916 tanturn
1080 1867 1150 1916 non
1182 1844 1333 1942 probari,
1366 1837 1421 1914 sed
1447 1850 1558 1942 potior
1585 1837 1722 1917 resutari
1748 1845 1912 1920 theoriam
1938 1844 2035 1920 issant

402 1944 610 2046 splendidam
629 1942 898 2022 soecundationia
922 1965 956 2018 vet
981 1941 1247 2020 trumficanonn
1272 1947 1468 2020 Licbenum.

414 2207 420 2218 .
514 2150 646 2221 Detexit
678 2145 796 2247 procul
826 2144 928 2224 dubio
956 2143 1148 2218 elarissimua
1175 2140 1324 2245 Hedrtig
1350 2149 1385 2218 in
1407 2171 1508 2246 quam
1533 2145 1685 2242 plurimis
1715 2144 1835 2246 plantio
1857 2167 1978 2248 erypto
2003 2155 2037 2222 a:

402 2254 467 2326 nair
487 2267 521 2324 et
542 2253 691 2322 antberaa
713 2269 745 2322 et
765 2247 898 2348 pollen,
930 2248 986 2320 vel
1010 2253 1045 2319 in
1069 2246 1140 2320 aliia
1166 2241 1280 2320 saltem
1309 2243 1611 2346 spermatoayliidia
1634 2267 1667 2320 et
1695 2253 1883 2346 genituram
1908 2173 2035 2322 arada.

401 2351 493 2438 lam,
525 2369 622 2450 atque
652 2355 751 2424 etiam
779 2375 906 2448 organa
934 2344 1099 2436 leminea,
1136 2343 1263 2424 srostua
1288 2354 1374 2432 veri,
1408 2349 1481 2448 poll
1510 2344 1692 2422 absolutam
1719 2345 2035 2442 foecundationenr,

402 2455 540 2524 initium
557 2453 722 2540 (German
746 2455 876 2542 Lutra.)
904 2471 936 2522 et
964 2455 1086 2524 uraturi
1111 2444 1233 2524 semina
1263 2445 1318 2525 seu
1342 2444 1454 2546 sporaa
1474 2455 1657 2552 genuinat;
1691 2470 1832 2526 ettamen
1857 2451 2034 2548 analogice

403 2570 533 2626 tantum
564 2553 800 2644 eoujedioravit
830 2550 872 2626 de
900 2553 1022 2626 borum
1053 2575 1262 2649 organorum
1291 2551 1458 2624 existentia
1483 2551 1571 2652 apud
1597 2555 1756 2626 Liebenea
1779 2589 1825 2610 ·-
1850 2572 1883 2626 et
1909 2577 2036 2652 parter,

403 2677 483 2751 quae
505 2677 567 2750 pro
588 2647 759 2738 masculis,
785 2648 945 2726 studiibm
968 2675 1001 2726 et
1022 2649 1200 2726 seminibus
1228 2649 1315 2752 apud
1344 2657 1407 2726 boa
1433 2656 1563 2742 babuit,
1589 2648 1807 2728 essentialibus
1830 2660 1939 2740 notit,
1961 2655 2033 2729 tali·

402 2756 463 2833 bur
486 2759 621 2851 organia
649 2749 891 2842 adscribendia,
923 2781 1051 2840 carere,
1085 2753 1139 2828 vel
1165 2751 1276 2829 saltem
1300 2758 1422 2828 borum
1445 2778 1653 2852 organorum
1673 2754 1876 2828 existentiam
1895 2752 2034 2832 dubiam

401 2851 541 2930 reddere
563 2847 645 2928 visae
667 2850 742 2928 sunt
757 2855 919 2930 institutae
935 2849 1073 2930 subinde
1090 2849 1346 2931 observationes.
1398 2860 1587 2928 Occurrunt
1608 2853 1743 2954 quidem
1763 2853 1850 2956 apud
1873 2860 2034 2935 Lichenea

402 2953 567 3058 quosdam
588 2961 694 3030 variae
713 2977 838 3055 parter,
863 2981 947 3058 quae
966 2960 1113 3032 theoriae
1133 2955 1377 3056 Hedvigianae
1397 2961 1466 3030 vim
1490 2951 1658 3057 quandam
1681 2953 1825 3045 addunt,
1855 2952 1910 3031 sed
1932 2964 2034 3034 etiam

403 3055 538 3132 eaedem
560 3075 591 3130 et
613 3059 696 3131 aliae
718 3061 899 3132 obveniunt
921 3063 990 3150 ejua
1015 3055 1243 3131 infidelitatem
1268 3064 1392 3130 mirum
1414 3061 1447 3130 in
1480 3055 1622 3132 modum
1650 3059 1835 3156 probantes.
1902 3061 1941 3130 ln
1968 3065 2032 3136 hae

403 3153 508 3232 caussa
531 3154 734 3232 discutienda
758 3179 852 3232 caute
872 3181 984 3232 tamen
1005 3157 1174 3260 agentium
1196 3159 1260 3244 eli,
1286 3186 1365 3232 uam
1391 3159 1714 3257 quamplurimarum
1734 3156 1876 3257 partium
1892 3158 2032 3250 exiliter,

402 3277 435 3334 et
457 3258 632 3334 difficultas
655 3258 732 3334 inde
750 3255 929 3336 uecess'ario
954 3259 1112 3343 oriunda,
1139 3285 1191 3334 aaa
1212 3265 1257 3332 uti
1286 3264 1445 3334 convenit
1461 3258 1694 3348 examinandi,
1721 3285 1901 3360 earumque
1921 3255 2030 3336 divet-

252 3367 259 3380 '
400 3358 476 3438 litae
498 3357 740 3460 dispositionia,
767 3382 802 3436 ut
826 3368 871 3436 ita
894 3360 1023 3447 dicam,
1056 3381 1088 3432 et
1110 3358 1397 3444 modificationes,
1422 3362 1463 3432 ab
1490 3361 1636 3435 aliorum
1659 3361 1893 3461 'vegetabilium
1914 3359 2031 3438 indole

401 3459 496 3538 valde
518 3460 724 3548 recedenter,
749 3461 908 3560 impedit,
935 3469 1116 3563 quominus
1139 3459 1339 3536 decibonem
1363 3466 1398 3536 in
1425 3487 1527 3536 unam
1549 3460 1724 3536 alteramve
1748 3485 1875 3563 partem
1906 3481 2030 3537 certant

400 3558 573 3642 saciaretur.
636 3567 681 3637 Ut
705 3583 815 3636 autem
846 3561 888 3636 ad
913 3570 1055 3636 veritatis
1090 3561 1189 3657 adyta
1215 3557 1303 3664 passu
1330 3589 1399 3636 uno
1424 3563 1478 3636 vel
1508 3563 1611 3638 altero
1639 3561 1835 3640 adscendere
1866 3585 2029 3640 tentemur

400 3669 575 3764 propiori,
598 3670 659 3756 e'a,
683 3691 767 3767 quae
792 3666 912 3740 nolitia
930 3664 1213 3741 observationibus
1238 3665 1393 3768 indagata
1417 3661 1510 3756 sunt,
1533 3662 1725 3742 referamur·

415 3921 420 3930 .
509 3867 682 3940 Theoriae
708 3862 953 3964 Hedvvigianae
984 3861 1094 3941 savere
1122 3863 1292 3942 videntur:
1336 3889 1366 3942 t.
1391 3867 1565 3965 analogica
1597 3861 1816 3940 consideratio
1845 3869 2030 3942 lichenum

402 3987 589 4068 eorumque
607 3971 769 4066 partium,
803 3989 869 4042 tam
891 3994 969 4068 eum
997 3968 1119 4069 plantia
1141 3971 1428 4070 pbaeuogamicia,
1460 3993 1560 4068 quam
1583 3975 1860 4066 cryptogamieia,
1892 3995 2032 4070 eompa-

400 4086 582 4248 'rilii-ml
606 4065 1048 4246 bilbilllilbl
1076 4069 1741 4248 Pilttt²l3⁰blsts¹³,llll
1754 4073 2032 4248 libili:

339 4245 344 4260 ⁸
400 4223 637 4346 verisdrmidrn
661 4271 702 4346 ad
724 4199 902 4370 augruilnta
929 4199 1112 4380 eovnposlla
1142 4271 1384 4368 pellucidorom
1405 4293 1437 4344 et
1464 4199 1687 4367 globdsogadm
1702 4330 1714 4363 ,
1730 4199 1828 4374 lbule
1854 4300 1917 4374 pro
1945 4201 2031 4374 spier-

402 4371 642 4466 matocyilidiia
670 4369 792 4448 Hedav.
815 4369 871 4446 seu
899 4379 1032 4472 organis
1061 4369 1233 4456 mascalia,
1265 4379 1416 4470 genitura
1442 4399 1564 4476 nempe
1582 4369 1724 4450 mascula
1745 4372 1891 4462 resertit,
1917 4379 2032 4452 baberi

401 4468 546 4572 possunt.
599 4479 816 4549 Inveniuntur
839 4477 956 4548 baecce
977 4469 1189 4570 corpuscula,
1231 4475 1303 4546 aliia
1323 4473 1411 4547 baud
1432 4478 1631 4570 majoribut,
1663 4499 1734 4550 non
1760 4476 1946 4554 vesiculolia
1967 4484 2031 4552 im-

400 4576 525 4667 ttlixta,
552 4575 605 4649 vel
624 4581 658 4648 in
680 4571 850 4674 superficie
868 4571 1092 4674 quorumdam
1115 4573 1297 4648 Licbenum
1319 4571 1441 4676 sparsa,
1468 4576 1520 4649 vel
1536 4579 1787 4678 conglomerata
1801 4603 1835 4655 et
1848 4577 2032 4681 aliquando

402 4675 495 4776 quali
511 4683 548 4755 in
566 4679 712 4780 propriia
735 4677 946 4779 receptacula
967 4675 1144 4782 congesta,
1169 4677 1226 4774 vel
1245 4681 1332 4756 intra
1352 4674 1490 4758 manaa
1510 4681 1758 4784 probibeaateoa
1774 4687 2031 4861 apoabeeiog'p:
