4466 5536
835 414 1047 480 sternuat.
1709 424 1754 504 ες

233 599 512 672 Verrucariit
536 593 729 694 proximum
750 609 785 670 'et
809 597 905 670 valde
924 591 1023 671 affine
1043 597 1088 671 cll
1114 597 1217 674 hocce
1233 603 1366 686 Genus,
1393 621 1424 676 at
1441 605 1481 677 ab
1499 605 1548 676 bis
1565 601 1754 681 distinctum

122 703 306 800 peritbecio
328 698 467 795 strnplici
493 699 648 772 nucleum
668 719 775 772 tntum
793 707 891 772 etiem
912 695 1020 772 subtus
1037 707 1189 796 cingente
1212 723 1242 774 et
1267 699 1335 788 fere
1357 725 1428 775 toto
1448 711 1532 776 intra
1550 733 1755 782 verrucarna

123 803 225 876 tballo
245 797 424 874 formatam
449 798 641 890 recondito,
669 819 765 900 atque
781 804 859 881 bec,
886 799 1009 898 saepius
1026 809 1110 872 circa
1132 802 1323 900 papillularn
1349 807 1398 878 vol
1426 825 1550 902 partem
1570 803 1756 905 supremam

124 907 308 1002 perirbecii,
326 905 522 996 ‚marginem
542 899 723 973 tballndem
742 897 920 974 fororente.
974 903 1146 994 Pyrenulis
1162 905 1269 976 adbuc
1285 913 1474 1000 propriores
1491 905 1563 978 sunt
1584 934 1641 979 cae
1658 915 1755 981 Ver·
1847 928 1850 939 ’

125 1000 465 1099 rucnrieelp'ecies,
491 1027 629 1097 quarum
650 1003 821 1098 epotbccin
843 1029 906 1082 una
921 1027 997 1072 cum
1018 1023 1105 1096 parte
1121 1005 1225 1092 thalli,
1246 1011 1298 1075 cui
1317 1003 1551 1095 adnascuntor‚·
1573 1015 1677 1106 magis
1693 1009 1756 1081 ele·

127 1128 192 1180 rete
213 1099 447 1187 observantur,
474 1097 533 1174 l'ed.
555 1102 647 1174 thalli
668 1123 783 1176 natura
806 1107 838 1172 in
864 1105 914 1174 bie
936 1097 1078 1182 diuersa,
1111 1101 1206 1202 atqo'e
1230 1111 1329 1176 etiarn
1352 1113 1603 1202 apotlseciorutn
1628 1113 1754 1181 babitus

127 1206 201 1278 elius
222 1227 255 1277 et
270 1204 361 1276 thalli
384 1228 462 1274 curu
483 1206 531 1273 bis
547 1205 724 1274 conueclio
739 1199 779 1272 ed
800 1199 888 1274 belin
913 1223 1039 1276 tautum
1063 1203 1246 1300 perficitur.
1306 1211 1487 1280 Petitbecio
1513 1207 1636 1308 duplici
1656 1215 1753 1285 etism

128 1308 226 1408 probe
245 1332 263 1377 ι
281 1310 305 1378 P
314 1301 516 1398 yrenulis
538 1302 795 1401 distinguuntur.

232 1475 367 1552 Eodem
394 1473 463 1549 sere
486 1433 591 1548 modo
613 1480 783 1575 apothecis
797 1479 978 1549 Potinae
1002 1496 1034 1550 et
1053 1476 1373 1552 Tlrelotremati
1382 1506 1398 1552 ι
1419 1481 1601 1579 composita
1623 1481 1697 1560 sunt
1714 1515 1753 1562 ac

132 1587 161 1654 in
180 1579 437 1674 Pyrennlis‚
471 1573 762 1654 ledruerrucsrum
785 1596 817 1650 et
834 1579 1068 1650 tlralnmiororn
1084 1601 1199 1650 natura
1221 1599 1252 1651 et
1274 1577 1540 1654 corformatione
1560 1580 1664 1656 satist
1684 1595 1752 1681 Py.

132 1681 283 1754 renulis
299 1675 485 1778 discrepent
505 1681 584 1752 baec
605 1677 845 1762 duo=Geoete,
873 1685 918 1750 uti
940 1678 1057 1778 supra,
1084 1679 1220 1778 quando
1237 1678 1278 1752 de
1290 1685 1329 1752 iit
1345 1687 1419 1782 egi,
1447 1677 1548 1756 fustus
1566 1685 1751 1785 indigum·
1861 1679 1864 1688 ,

231 1859 370 1930 Nomen
392 1859 530 1929 Generis
545 1882 561 1926 n
577 1878 682 1946 eruent
703 1851 898 1940 nucleus,
920 1879 996 1924 cum
1013 1857 1258 1938 terminatione,
1285 1859 1460 1928 minutiem
1474 1855 1671 1948 denotante,
1698 1861 1753 1936 de.

131 1977 291 2056 promtum
318 1959 360 2028 en
382 1961 427 2030 nb
455 1953 704 2028 lirnilitodinern
728 1957 893 2051 ptritbccii
914 1980 1114 2044 somnust,
1148 1955 1306 2030 nucleum
1328 1953 1517 2040 includente
1546 1982 1577 2033 et
1599 1987 1752 2037 verrucae

135 2085 203 2132 eum
223 2064 392 2158 putamine
413 2083 533 2131 uusern
552 2061 716 2155 cingente.

236 2235 303 2306 Sub
320 2235 387 2305 boc
403 2235 533 2306 Genere
550 2225 842 2326 comprehenditur
857 2189 1201 2306 Tortores-man.
1213 2247 1245 2306 et
1264 2233 1538 2328 Vnssucmtran
1560 2239 1659 2310 unice
1679 2229 1749 2336 spo,

135 2344 192 2412 cies
207 2338 349 2414 sebar.
370 2337 481 2413 Meth.
501 2336 593 2414 Licb.
611 2351 644 2404 et
659 2327 775 2430 Suppl.
1633 2367 1637 2377 r

592 2565 900 2668 Explicatio
951 2567 1271 2664 Figuratum.

844 2714 945 2790 Tab.
977 2719 1022 2793 V.

135 2874 192 2950 mg,
211 2887 239 2939 ι,
280 2875 318 2936 Α.
340 2865 522 2952 Pyretrtdae
534 2859 722 2954 verrucosus
743 2865 930 2944 apothecium
949 2865 1165 2927 verruciforme
1188 2813 1279 2927 stulte
1303 2863 1455 2926 includens
1475 2863 1646 2929 thalamium
1668 2870 1746 2952 peri·

357 2953 458 3092 edbeeio
476 2945 568 3090 egulfo
590 2960 655 3008 atro
672 2943 863 3024 cartilagineo
880 2947 1053 3008 instructum
1075 2945 1112 3006 ed
1135 2944 1382 3032 perpendiculum
1401 2945 1571 3022 differtum,
1600 2953 1745 3026 congruitu-

379 3050 428 3092 rne
449 3049 488 3089 au
539 3072 544 3086 .

328 3159 357 3204 e.
367 3158 394 3198 a.
416 3139 484 3196 Pare
499 3129 583 3194 thalli
597 3129 710 3194 elevata
726 3129 962 3202 verruclformis,
984 3119 1158 3193 tha'la'rnirrln
1177 3127 1461 3192 solitarium'l'ovens
1475 3141 1505 3192 et
1519 3143 1602 3192 extus
1618 3135 1745 3210 cingens.

325 3245 357 3306 b.
380 3235 523 3322 Papillola
541 3257 608 3298 cnm
627 3251 709 3315 perte
733 3236 833 3317 supina
852 3237 1028 3317 peritheeii‚
1057 3239 1134 3300 intra
1157 3249 1325 3319 aperturam
1345 3239 1537 3313 marginalem
1563 3231 1657 3319 (nt.)
1682 3257 1746 3302 ves·

366 3339 454 3382 rusae
475 3316 633 3392 thallodit,
655 3317 732 3380 nuda
746 3321 943 3400 prominente.
1037 3369 1041 3384 ,

284 3433 321 3493 Β.
343 3428 539 3512 Apothetium
555 3421 685 3500 cjrrsdetn
705 3427 843 3486 Lichenie
859 3427 1016 3490 vesulium.
1036 3443 1077 3486 ιιι.
1093 3441 1124 3490 ι.

249 3551 252 3558 ’
334 3553 363 3593 a.
383 3528 577 3592 Thalamium
591 3527 676 3610 supra
695 3527 859 3614 depress'urn
877 3529 963 3594 valde
980 3525 1173 3590 denudatum.¹

329 3639 358 3701 b.
367 3639 397 3698 b.
419 3641 522 3714 Margo
534 3655 676 3696 verrucae
691 3637 722 3696 in
737 3635 795 3696 boc
811 3639 883 3698 llatu
898 3638 991 3714 magis
1010 3648 1139 3716 apertae.

283 3747 323 3810 c.
349 3741 482 3804 Cellulae
497 3739 730 3802 veliculiformcs
745 3754 880 3802 ovataee
897 3740 1004 3804 nucleo
1022 3742 1109 3812 hujus
1130 3736 1238 3818 speciei
1258 3734 1408 3818 proligeto
1425 3747 1558 3797 exemtae
1574 3735 1746 3821 ibidemque

230 3871 233 3880 r
326 3825 438 3966 ebs'qrple
465 3821 572 3883 ordine
596 3825 747 3901 congestae
768 3817 1033 3906 frequentiffimee,
1061 3817 1203 3898 gongylot
1226 3819 1302 3878 intra
1328 3815 1561 3912 membranulam
1584 3817 1746 3900 fimplicem

324 3927 403 3967 rtrsu
427 3917 518 3965 entes.

282 4005 366 4096 ObJ.
388 4007 514 4087 Gongyli
528 4010 617 4070 etiam
631 4005 796 4070 nidulantes
809 4005 881 4069 nudi
896 4019 977 4068 extra
990 4003 1124 4080 cellulae,
1145 4006 1413 4087 inperenthymate
1424 4003 1524 4067 nuclei
1541 4001 1745 4072 obsecrantur.

127 4147 180 4225 tle.
197 4159 228 4216 2.
269 4149 308 4208 Λ.
330 4131 513 4224 Pyrenrrlae
529 4131 703 4225 binseentis
716 4140 903 4220 upotbccium
918 4151 952 4199 ut
965 4140 995 4198 in
1014 4140 1064 4215 lig.
1074 4152 1101 4200 1.
1122 4134 1364 4218 representatum.
1389 4156 1427 4195 m.
1448 4155 1475 4198 a.

324 4265 393 4310 ma.
415 4247 566 4308 Verrucae
581 4265 683 4323 margo
701 4250 732 4307 in
746 4249 801 4308 hac
819 4245 912 4327 specie
928 4241 1026 4304 laxior
1045 4243 1135 4319 magis
1150 4251 1267 4320 apertus
1288 4252 1316 4299 et
1332 4243 1427 4302 minos
1446 4237 1589 4302 elevatur.

324 4354 357 4416 b.
378 4349 534 4414 Thalamii
551 4350 636 4434 sopra
651 4349 774 4434 depreffi
793 4347 918 4410 dimidia
933 4365 1024 4427 prona
1038 4367 1104 4432 pars
1121 4344 1183 4407 fere
1199 4341 1356 4406 denudata.

280 4463 316 4524 B.
338 4454 465 4534 Gongyli
492 4453 529 4518 de
551 4453 655 4518 nucleo
680 4457 769 4531 huius
795 4455 941 4538 apotbeeii
966 4454 1088 4538 separati
1114 4447 1280 4512 nidulcntes
1303 4448 1374 4511 nudi
1402 4449 1487 4532 sparli
1510 4449 1559 4512 uel
1581 4453 1745 4530 aggregari,

323 4537 461 4684 melsnlpr
479 4535 620 4615 oblongae
636 4536 824 4600 obscuriores
838 4535 1016 4613 formantes,
1037 4533 1118 4598 nulla
1137 4529 1340 4595 membranula
1358 4528 1492 4594 cellulari
1515 4535 1746 4621 circumcinctam

325 4616 397 4704 (cfr.
455 4631 502 4696 ,3.
520 4618 601 4696 nn.
620 4621 664 4686 T.
674 4633 705 4698 4.
727 4616 791 4695 ns.
806 4621 867 4682 u..

881 4725 935 4768 ’·
1064 4725 1112 4840 ¹K
1634 4741 1700 4819 stg.
1713 4753 1745 4817 3.
