4466 5536
426 363 497 452 „¹50
1166 355 1349 418 asarota·

440 533 443 540 ⁴
558 540 846 621 ProLeeirleae
865 544 978 642 Specie
993 544 1102 640 primo
1120 545 1238 614 intuitu
1256 535 1353 612 l'acile
1370 541 1481 616 haberi
1503 539 1605 641 pollet
1629 550 1724 618 unica
1747 548 1842 619 uobis
1864 543 1972 620 adhue
1990 567 2084 622 nota

448 657 650 728 Biaturae
668 650 805 720 Generis
821 642 960 744 specius,
988 662 1019 714 at
1033 643 1146 742 paullo
1167 649 1316 714 attentius
1334 649 1535 730 examinate,
1561 646 1787 718 aLecideis
1804 653 1950 722 maxime
1964 647 2087 721 diver·

448 749 518 827 sam
537 744 600 824 elle
619 753 842 846 uuusquisque
862 744 1032 822 concedat.
1091 738 1212 816 Differt
1238 749 1328 816 enim
1350 740 1421 814 satis
1445 740 1604 848 superque
1628 742 1807 844 praesentia
1823 754 1992 847 perithecii
2008 756 2086 822 veri

449 874 481 927 et
498 851 605 926 nuclei
625 849 801 947 prolrgeri‚
829 841 984 944 discoque
1000 843 1092 918 nudo
1108 865 1144 916 ut
1157 840 1243 941 apud
1259 848 1290 916 G
1298 849 1397 942 ceph
1410 841 1509 924 ides.
1563 851 1691 918 Dantur
1710 847 1846 944 quident
1863 848 2050 922 Lecidea
2064 875 2088 922 e

449 951 593 1052 species,
615 973 668 1028 err.
686 975 736 1046 gr.
756 944 940 1020 Lecidea
968 946 1233 1042 platycarpa,
1260 949 1312 1016 cui
1331 945 1462 1016 stratum
1478 972 1639 1020 corneum
1657 945 1736 1018 disci
1752 948 1816 1039 est,
1840 970 1871 1020 at
1886 946 1953 1048 ipse
1968 947 2086 1024 discus
2198 939 2199 956 ¹

450 1051 623 1126 lubllantia
643 1049 788 1122 cortieali
808 1051 970 1146 apotltecii
987 1052 1021 1118 irs
1041 1052 1101 1120 hac
1115 1067 1146 1117 et
1160 1043 1383 1116 consimilibus
1406 1054 1543 1144 tegitur,
1569 1075 1630 1120 uec
1656 1049 1811 1122 nucleum
1833 1045 1929 1150 supra
1945 1049 2087 1126 undum

451 1152 571 1235 offert,
599 1177 707 1252 neque
729 1153 1037 1248 peritheciiproprii
1054 1147 1246 1218 structuram
1264 1167 1295 1217 et
1315 1145 1463 1219 indolem
1479 1153 1576 1222 habet
1596 1144 1767 1222 lubllantia
1787 1150 1885 1222 altera
1903 1155 2089 1253 compella

451 1275 483 1329 et
500 1251 651 1328 inferior.
684 1257 741 1351 'ln
760 1255 820 1324 lsee
840 1251 1082 1322 circumstantis
1098 1251 1268 1322 Biatura
1285 1266 1412 1322 tautum
1431 1275 1450 1322 s
1474 1247 1680 1340 recides,
1714 1270 1875 1350 quantum
1895 1257 2086 1354 Graphic

449 1359 489 1428 ab
509 1355 769 1454 Opegrapha
790 1346 910 1428 differt.

537 1531 841 1603 ·Verrueariis
866 1520 1121 1622 quodammodo
1143 1524 1250 1598 sffiuis
1274 1523 1318 1597 ell
1339 1528 1527 1618 Biston,
1553 1547 1651 1628 etque
1674 1534 1774 1604 etiem
1793 1527 2084 1630 Endoesrpis,

420 1627 506 1720 fserl
523 1631 565 1702 ab
585 1630 648 1702 illis
668 1626 805 1712 recedit,
831 1647 898 1697 tam
919 1621 1029 1714 forma
1046 1630 1418 1724 aperturaeperitlsecii²
1449 1653 1532 1726 quae
1560 1635 1594 1702 in
1617 1635 1678 1702 lsac
1702 1625 1828 1704 discum
1846 1627 2084 1729 repraesentat,

453 1759 553 1832 quant
573 1731 754 1830 perithecio
782 1722 873 1824 ipso,
900 1727 992 1826 quod
1013 1748 1045 1798 et
1067 1725 1189 1800 crullse
1204 1721 1365 1798 inclulurn
1385 1745 1415 1799 et
1443 1724 1551 1800 subtus
1576 1730 1729 1804 nucleum
1754 1734 1930 1804 involvens
1950 1753 1981 1803 et
1998 1729 2086 1804 firra-

450 1832 527 1931 plex
542 1831 605 1915 eil3
630 1832 670 1900 ab
692 1833 739 1899 his
762 1853 843 1900 vero
862 1833 1028 1923 perirbecii
1050 1849 1160 1900 natura
1179 1847 1210 1898 et
1232 1826 1353 1902 fotura.
1415 1831 1464 1900 nb
1489 1835 1633 1928 utrisque
1651 1835 1906 1930 perenchymate
1928 1831 2083 1916 limilari,
2199 1855 2200 1914 t

450 1933 534 2006 llriit
558 1949 685 2006 tautum
701 1925 893 2000 tenuiffimis
910 1924 1105 2027 quibusdam
1122 1924 1284 2000 cellulofis
1302 1945 1443 2017 notato,
1467 1949 1499 2002 et
1514 1930 1729 2004 velicularurn
1746 1929 1899 2007 absentie.
2199 1917 2200 1944 ¹

562 2111 698 2182 Nomen
713 2107 849 2178 Generis
871 2096 1054 2196 alliserat,
1083 2127 1236 2201 parvus
1258 2096 1498 2200 scyphuset
1517 2130 1589 2201 uest
1612 2103 1765 2199 forma,
1796 2133 1877 2183 nam
1900 2109 2080 2208 apothecis
2199 2125 2200 2138 ¹

426 2248 430 2256 ·
452 2233 472 2282 e
487 2206 596 2298 thallu
607 2228 736 2282 exemta
753 2203 953 2304 scyphulutn
972 2230 1111 2303 parvum
1133 2221 1326 2278 excavatum
1342 2200 1528 2278 affimilaut.

563 2385 671 2454 Uuiea
699 2407 782 2482 quae
804 2384 951 2456 innotuit
969 2383 1065 2474 hujus
1089 2381 1224 2452 Generis
1249 2383 1379 2478 Species
1407 2404 1497 2453 noua
1523 2379 1581 2458 cll.

921 2643 1229 2743 Explicatio
1280 2647 1604 2743 Figuratum.

1165 2819 1266 2892 Talt.
1299 2819 1363 2888 1v.

453 2993 515 3072 liin.
539 3004 570 3061 1.
612 2997 647 3056 Δ.
669 2991 833 3053 Biaeuras
849 2988 1002 3068 turgidas
1018 2992 1206 3073 apothecium
1221 2991 1330 3052 crullae
1343 2988 1515 3052 immersum
1528 3001 1559 3052 et
1573 3008 1630 3050 ursa
1645 3004 1713 3051 euru
1730 3007 1764 3049 ea
1779 2986 1816 3050 ad
1830 2987 2079 3071 perpendiculum

671 3071 816 3134 serenum
830 3071 1031 3150 magnitudine
1045 3076 1141 3136 sulla.
1305 3123 1324 3160 Ο

659 3196 688 3242 ι.
711 3175 811 3238 Discus
828 3177 925 3238 undus
938 3197 954 3238 a
969 3175 1065 3238 nuclei
1084 3178 1309 3258 parenchyntate
1324 3177 1467 3240 formatus
1483 3174 1735 3239 concaviusculus.

661 3267 732 3348 lnls.
755 3283 951 3344 Peritlsccinsn
969 3280 1118 3342 Nuelcnm
1135 3280 1307 3354 includens,
1329 3285 1491 3360 marginem
1508 3296 1685 3356 tumentem,
1707 3277 1819 3344 discum
1842 3279 1943 3344 nuclei
1960 3285 2080 3361 etms.

702 3377 804 3424 temet
823 3361 1005 3443 superantem
1021 3359 1144 3442 superne
1160 3360 1328 3426 efformans.

663 3488 721 3534 c.e.
743 3468 863 3528 Crustae
884 3485 950 3546 pars
968 3469 1072 3548 inqua
1091 3468 1277 3546 apotherium
1293 3470 1465 3532 immersum
1482 3472 1532 3532 cll.

621 3599 654 3663 Ι.
679 3595 838 3678 Apothccii
852 3593 939 3671 huius
954 3595 1090 3656 lichenis
1103 3593 1226 3656 dimidie
1245 3618 1329 3680 pars,
1351 3599 1437 3664 valde
1453 3603 1550 3666 suas.

659 3721 685 3764 a.
710 3701 906 3762 Perithecium
927 3699 1148 3778 similagineum
1165 3717 1279 3774 auum,
1306 3703 1444 3768 nucleum
1459 3704 1604 3768 inclusum
1624 3707 1817 3768 circumcirca
1838 3715 1869 3766 et
1890 3703 1992 3768 subtus
2008 3701 2079 3784 (sed

702 3799 761 3841 nun
780 3781 906 3844 indisso
928 3777 981 3868 (ἠ)
998 3779 1159 3846 obducens.

663 3885 695 3952 b.
718 3889 824 3965 trsrgo
838 3885 969 3950 elevatus
983 3907 1000 3950 a
1015 3890 1180 3971 perithecio
1195 3889 1348 3956 formatus.

660 4011 687 4052 e.
708 3989 829 4066 Discus,
856 3997 1020 4136 zerithecio
1039 3995 1160 4058 orbatus
1180 4013 1209 4056 ct
1230 3995 1344 4072 nudus,
1373 3999 1426 4062 suls
1448 4021 1510 4084 quo
1528 3999 1721 4147 fareuclsynta
1744 3995 1871 4060 fimilere
1885 3999 2077 4080 apothetica

702 4075 781 4134 intus
806 4095 859 4158 rep
873 4097 919 4136 ent
944 4073 1135 4172 observatur,
1166 4077 1438 4176 gongylos'sparsos
1454 4081 1524 4144 niclu
1540 4099 1619 4146 antes
1641 4079 1736 4144 nudos
1751 4077 1856 4146 foreas
1876 4083 1996 4146 esuriit
2010 4081 2077 4164 qui·

699 4153 827 4216 ,busciani
845 4155 993 4220 cellulofis
1005 4177 1138 4217 omniurn
1159 4161 1329 4224 tenutllituss
1345 4177 1475 4229 notetus.

661 4257 694 4330 d.
716 4261 864 4326 lecticula
890 4259 975 4326 thalli
996 4265 1146 4328 erullacei.

965 4468 1574 4506 w
