4398 5524
700 945 1162 1026 GENUSXXXIX.

542 1147 586 1239 u
723 1149 755 1242 s
893 1149 937 1239 n
1075 1149 1114 1242 r
1251 1093 1348 1249 t(

741 1379 1133 1408 *-

687 1571 913 1644 Charesier
948 1555 1179 1648 Naturalis.

119 1725 378 1795 brornrctun
408 1712 625 1788 orbiculatum
654 1709 1002 1794 submembranaceum
1027 1719 1196 1818 amplum,
1230 1717 1373 1794 atballo
1398 1738 1505 1794 totum
1535 1718 1740 1805 formatum.

233 1841 325 1890 extus
345 1815 612 1908 cartilaginem,
642 1818 729 1886 intur
749 1817 941 1915 stuppeum,
968 1823 1148 1918 peltarum,
1174 1825 1468 1917 immarginetutn,
1494 1827 1532 1894 in
1548 1824 1675 1896 ambitu
1697 1825 1744 1894 ci·

233 1919 335 1992 liato·
348 1909 545 1985 fibrilsosum
564 1917 654 2001 (reto
672 1913 832 2008 nudum),
867 1916 959 2016 supra
976 1922 1132 2017 planum,
1158 1919 1261 1992 thalto
1279 1921 1512 2000 concolorunt.

237 2050 370 2118 Inminet
385 2043 548 2134 prosigue
569 2046 701 2138 propria
728 2043 837 2125 nulla,
863 2039 919 2116 sed
941 2049 1153 2144 apothecium
1175 2061 1282 2116 totum
1300 2039 1395 2143 supra
1418 2067 1451 2119 et
1470 2043 1580 2118 subtus
1599 2042 1742 2120 subsstn·
1853 2119 1861 2130 ,

234 2149 275 2215 tia
292 2139 437 2212 curtieali
459 2139 546 2210 thalli
564 2143 697 2216 tedium.

232 2269 378 2361 Gongytt
400 2269 482 2334 intra
503 2262 618 2336 Thalli
636 2285 668 2336 et
691 2267 862 2361 Apothecii
879 2259 1087 2340 substantiam
1113 2267 1304 2340 corticnlem
1326 2261 1741 2364 subgeletinostm'fimiia·

229 2391 302 2438 reru
319 2361 502 2436 nidulantet
521 2361 613 2441 nudi.

119 2496 303 2571 Tunnrus
331 2484 480 2560 ramosus
504 2506 585 2557 teres
605 2482 773 2560 filisotmit
794 2490 939 2584 apicibus
961 2483 1223 2586 subcapillaceit,
1256 2493 1382 2564 erectus
1403 2489 1566 2588 pendulus
1585 2490 1638 2564 vel
1660 2515 1737 2589 pro·

230 2590 366 2671 siratus,
392 2591 512 2657 cortice
533 2591 585 2674 (in
604 2585 704 2679 ficto)
723 2590 1130 2688 cartilagineo·ctusstceo
1154 2587 1344 2692 srtngibi1i‚
1373 2589 1567 2668 fasciculum
1586 2591 1738 2669 dudulo·

229 2715 306 2764 rum
322 2685 521 2761 filisorntetu
536 2706 684 2760 tenacem
703 2693 865 2786 cingente.

919 2885 1185 2912 *m

717 3062 1138 3148 Observationes.

202 3244 291 3296 atttra
309 3236 341 3291 et
354 3212 554 3313 compofitio
569 3219 818 3317 apotheciorum
839 3221 873 3289 in
896 3219 962 3289 hoc
982 3219 1112 3290 Genere
1127 3214 1241 3290 eadem
1262 3215 1307 3290 esi
1326 3243 1363 3289 ac
1383 3221 1418 3288 in
1434 3213 1696 3291 antecedentibus
1717 3241 1737 3289 e

238 3325 422 3394 Lichenum
439 3321 777 3392 Humothalamorum
793 3322 889 3391 tribu.
950 3323 986 3388 sn
1013 3315 1118 3416 specie
1137 3323 1306 3415 apothecia
1327 3323 1561 3392 Uenearum
1586 3318 1732 3415 plerum·

116 3451 182 3522 que
203 3421 297 3493 valde
318 3421 401 3505 lata,
428 3418 522 3514 plana
545 3439 576 3490 et
594 3423 742 3490 tenuiora
767 3444 866 3516 quarn
891 3422 922 3489 in
950 3420 1022 3504 bis,
1048 3421 1158 3491 excise
1175 3425 1208 3490 in
1223 3441 1337 3489 centro
1357 3418 1473 3515 peltata
1490 3439 1521 3488 et
1542 3420 1737 3506 terminalia,

113 3523 173 3598 sed
187 3518 366 3620 aliquando
386 3517 544 3612 epunsto
560 3516 744 3592 insertionis
764 3521 923 3614 apothecii
941 3513 1000 3589 sub
1016 3521 1082 3590 stoc
1102 3525 1222 3592 iterum
1243 3515 1408 3615 egreditur
1424 3543 1533 3588 ramur
1550 3517 1653 3608 alius,
1681 3525 1736 3590 ite·

115 3647 260 3722 rumque
285 3626 320 3692 in
342 3615 485 3718 quadem
512 3615 655 3689 distantia
678 3618 731 3688 vei
754 3613 898 3690 ramosus
917 3619 968 3690 vel
992 3621 1202 3716 apothecium
1230 3615 1317 3688 aliud
1339 3613 1521 3715 proferens.
1583 3620 1734 3690 Ambitur

116 3727 372 3820 apotheciorum
397 3741 472 3788 raro
492 3715 632 3788 elevatus
655 3735 685 3790 ct
704 3715 831 3804 nudus,
853 3713 1042 3815 frequenter
1057 3721 1252 3792 creberrime
1274 3737 1307 3790 et
1324 3715 1428 3815 longe
1447 3717 1572 3788 cisiatut
1596 3743 1632 3787 ac
1656 3715 1735 3789 inde

115 3819 275 3899 radiosus.
327 3821 493 3913 Marginie
513 3818 641 3890 nullutn
660 3817 833 3914 vestigium
851 3822 991 3889 occurrit
1009 3837 1041 3890 et
1060 3823 1095 3889 in
1112 3819 1206 3892 nullo
1222 3823 1350 3892 Genere
1368 3821 1548 3892 lichenum
1563 3821 1734 3912 apothecie

116 3921 186 4023 ipsa
200 3920 284 3994 adeo
298 3919 491 4018 regulariter
509 3917 624 4013 peltata
642 3913 874 4002 observantur,
899 3945 997 4014 quare
1015 3922 1239 4018 etiam‘primo
1253 3915 1404 4015 adspee‘iu
1420 3914 1518 3989 sacile
1536 3911 1735 4011 dignoscun-

116 4051 173 4098 tur
186 4029 425 4096 Uenearutn
444 4012 576 4114 species.
637 4025 789 4090 Attamen
807 4022 872 4089 boc
889 4013 1064 4090 discrimen
1086 4021 1260 4092 notabilius
1279 4018 1388 4089 evadit
1410 4035 1544 4112 propter
1567 4016 1658 4087 thalli
1674 4019 1735 4088 ha·

111 4131 220 4198 bitum
246 4144 277 4195 et
300 4116 611 4212 conformationem
630 4117 846 4214 fingulnrem:
879 4137 991 4189 cortex
1016 4126 1107 4190 enim
1128 4123 1183 4206 (in
1206 4118 1291 4189 stcco
1313 4113 1550 4200 subcrussacea‚
1584 4117 1734 4191 emollita

110 4215 621 4320 cartilaginea.subgelatinosa)
638 4245 700 4317 que
719 4216 910 4301 obducitur,
935 4213 1062 4311 fragilis
1080 4238 1111 4287 et
1138 4245 1195 4314 per
1218 4237 1352 4288 aetatem
1380 4235 1494 4314 rupte,
1528 4215 1734 4318 thasiumque

107 4327 320 4399 articulatum
346 4317 436 4421 quast
458 4315 617 4407 reddent,
653 4313 843 4390 fasciculum
868 4315 1007 4388 includit
1034 4315 1243 4388 ductntomnt
1270 4314 1466 4390 filisormem
1499 4312 1732 4408 subhyalinurn

106 4425 280 4500 elassiernn
294 4451 333 4494 ac
349 4443 504 4500 tenuem,
529 4442 699 4492 ternorum
719 4438 750 4490 et
768 4417 962 4490 ultimorum
978 4413 1238 4490 tenuiffimorum
1262 4420 1467 4491 ramulorum
1489 4437 1640 4490 centrum
1661 4442 1732 4514 per·

104 4551 267 4618 currens,
292 4545 390 4624 atque
403 4547 464 4620 per
478 4523 568 4595 bunc
581 4519 708 4594 articuli
721 4545 739 4591 e
755 4514 927 4592 substantia
941 4516 1085 4592 conticuli
1101 4517 1246 4619 disrupto
1261 4515 1397 4593 sormati
1412 4522 1599 4592 cohaerent.
1640 4522 1729 4589 Dum

1125 4643 1129 4649 ’
1633 4619 1730 4687 intrat
