4398 5524
871 405 1035 482 partera.
1723 397 1774 486 87
1861 455 1864 461 .

253 591 437 693 Apothecia
460 582 638 660 accessoria
657 588 738 658 uarii
763 589 893 684 generis
916 595 951 659 in
979 591 1210 664 sttttamm
1227 587 1331 662 tirello
1348 589 1551 676 obveniunt,
1569 591 1624 666 ‘uti
1644 593 1774 691 Cepha·

135 693 251 783 lodia,
277 703 306 767 C
309 692 468 792 yphellae
485 711 582 791 atque
599 692 697 760 etiam
714 688 852 760 Soredia
868 711 952 762 -et
971 693 1093 764 horum
1106 691 1215 790 aliqua
1233 691 1283 764 vel
1302 698 1337 764 in
1354 689 1488 766 diverfis
1504 691 1556 764 vel
1579 699 1614 767 in
1634 721 1698 767 ona
1721 722 1772 768 ea·

134 799 284 917 denque
306 794 413 896 {pecie
429 789 527 865 simul
546 786 723 890 praesentia
742 783 825 862 sunt.
882 793 1039 890 Inprimis
1059 815 1169 866 autem
1183 814 1372 874 memoratu
1391 792 1511 894 dignae
1530 788 1606 870 suut
1622 795 1774 893 Cyphel·

134 903 209 993 lae,
240 925 279 970 tn
298 893 394 970 nullo
414 894 483 968 alio
501 895 687 968 Licheuum
711 892 841 964 Genera
860 911 1088 986 occurrentes,
1124 921 1234 998 neque
1252 898 1288 972 in
1306 897 1463 970 omuibus
1481 898 1635 972 ssione
1650 893 1772 999 speeieq

133 1005 198 1077 bue
219 993 455 1076 observandae.

250 1208 335 1276 Sunt
349 1204 411 1275 hae
435 1193 664 1298 (Cyphellae)
684 1199 767 1268 intra
788 1193 984 1294 lanuginem
1000 1201 1138 1296 paginae
1157 1195 1324 1276 inferioris
1348 1199 1441 1276 thalli
1462 1196 1588 1302 sparsae
1609 1207 1771 1292 minutae,¹

133 1329 316 1406 antequam
335 1300 460 1375 ibidem
480 1306 516 1372 iu
541 1295 759 1398 conspeslum
781 1303 917 1371 veniunt
938 1305 1021 1372 intra
1042 1301 1133 1400 tltalli
1153 1295 1362 1378 substantiam
1388 1301 1576 1378 reconditae
1591 1301 1770 1404 subglobo·

135 1407 211 1498 sae,
246 1429 292 1526 at·
302 1401 443 1478 demum
468 1421 620 1499 apertae,
652 1403 1316 1580 conswiltinffllrgiillle'ullceshils'
1331 1399 1649 1580 {mmersff'nimfm
1675 1405 1769 1580 αξη

135 1509 435 1713 gdlrgyalliteatldddl
449 1501 861 1694 ilidltlsntveilidclddinte,
886 1549 954 1701 latit
971 1529 1009 1677 io
1027 1529 1093 1704 ipsa
1117 1533 1578 1684 subilatltiaplhallswddttidali
1592 1533 1767 1684 itdnrllirs:

139 1737 169 1788 et
188 1717 228 1788 sb
245 1737 285 1786 ea
307 1713 517 1810 progenitae.

246 1915 410 2000 Quamuis
432 1913 618 2011 Cyphellae
632 1937 702 1986 non
719 1901 867 1985 validam
892 1899 1035 1982 offerant
1055 1928 1169 1984 notant
1188 1913 1501 2000 charadmislicant,
1527 1939 1591 2012 qua
1614 1915 1767 1990 Stislae

138 2017 476 2118 areliquirsffinibus
490 2017 673 2088 Gesseribut
692 2011 849 2110 dillingui
872 2010 991 2084 debent
1015 2037 1052 2081 ac
1075 2009 1226 2110 potsunt,
1258 2035 1370 2090 tamen
1391 2017 1585 2090 confirmati
1608 2013 1696 2116 quast
1720 2022 1765 2087 vi·
1871 2101 1878 2110 ι

140 2121 232 2192 detur
245 2126 341 2214 hujus
362 2121 502 2192 Generis
522 2120 718 2190 autonutnia
735 2138 774 2186 ex
791 2139 904 2185 earutn
921 2108 1098 2212 praeseutia
1121 2118 1158 2185 in
1179 2115 1328 2209 plurimis
1348 2126 1415 2212 ejus
1442 2115 1620 2216 speciebus.
1682 2113 1766 2189 Etst

141 2220 235 2295 fimul
247 2217 495 2294 consideremus
512 2211 712 2292 differentias
730 2241 799 2287 non
817 2207 1033 2314 spernendas,
1067 2232 1145 2314 quas
1160 2235 1226 2288 tatu
1244 2220 1418 2314 apothecis
1433 2246 1509 2294 uera
1526 2246 1626 2318 quant
1646 2219 1766 2296 thallus
1886 2295 1888 2300 ,

140 2327 290 2424 praebent
302 2343 336 2394 et
351 2317 607 2405 subminisltant,
633 2314 729 2391 sacile
743 2311 994 2416 persuademur,
1016 2319 1168 2390 Stidlae
1184 2322 1315 2415 Species
1330 2327 1457 2420 optime
1471 2313 1529 2394 suli
1547 2326 1686 2422 proptio
1698 2323 1765 2394 Ge·

137 2451 212 2500 utre
228 2421 472 2523 comprehendi
492 2415 582 2520 posse
600 2441 633 2492 et
646 2415 693 2492 sat
709 2416 875 2490 dislinslo.
936 2422 1023 2491 Nam
1042 2438 1074 2488 et
1091 2417 1251 2516 affigendi
1265 2419 1372 2496 modo
1392 2443 1424 2496 st
1437 2419 1548 2496 sorma
1566 2427 1765 2522 lipotltecio·

138 2551 208 2600 turn
232 2549 394 2598 verorum
422 2541 453 2595 et
479 2544 592 2594 natura
619 2513 790 2593 intrinseca
814 2523 973 2592 Laminas
992 2517 1195 2618 proligerae,
1220 2528 1401 2694 praecipue
1425 2551 1507 2596 vero
1526 2526 1616 2600 thalli
1631 2520 1766 2600 diverso

139 2632 244 2702 habitu
260 2658 280 2700 a
297 2627 501 2708 Generibus,
523 2625 602 2696 alias
618 2627 799 2722 proximis,
832 2622 989 2692 Stidlae
1013 2645 1130 2692 otttues
1154 2627 1216 2694 hau
1268 2651 1365 2724 aegre
1390 2647 1423 2698 at
1442 2625 1513 2700 satis
1537 2653 1625 2701 certe
1642 2625 1764 2721 digno·

139 2725 277 2805 scuntur.
330 2734 369 2800 lu
393 2723 498 2825 specie
523 2756 541 2797 a
562 2729 792 2796 Lucanoris
818 2742 849 2793 et
869 2721 1091 2794 Roccellis
1121 2719 1278 2798 disserunt
1296 2729 1475 2824 apothecis:
1497 2735 1531 2800 in
1554 2751 1669 2802 centro
1693 2751 1765 2800 tan·

138 2855 207 2905 tum
220 2827 376 2906 seffilibus
394 2850 491 2927 atque
511 2833 545 2897 in
564 2827 687 2898 ambitu
704 2821 813 2896 subtus
833 2821 960 2912 libetis,
994 2848 1056 2896 trec
1077 2847 1148 2897 non
1163 2824 1251 2898 thalli
1272 2824 1384 2900 sornta
1403 2849 1435 2900 et
1452 2827 1567 2904 indole
1589 2829 1683 2904 valde
1700 2826 1763 2904 dis-

139 2933 246 3010 firnili.
277 2969 316 2990 -
378 2933 429 3002 Ab
456 2931 658 3002 Everniit
681 2929 860 3022 apotiteciir
880 2927 1099 3026 utplurimum
1119 2925 1247 3015 crassis,
1280 2929 1425 3002 laminae
1445 2931 1630 3031 proliget'ae
1645 2957 1764 3032 paren·

137 3041 289 3130 chytnate
315 3025 620 3105 eetluloso-ttnno
644 3049 676 3100 et
704 3025 860 3100 sirndlura
884 3055 923 3099 ac
948 3029 1061 3099 habitu
1082 3029 1173 3100 thalli
1197 3027 1426 3107 diversissimo.
1453 3071 1502 3090 —
1556 3037 1762 3110 atarne-

134 3139 205 3214 liis
229 3137 413 3236 apotheciis
442 3125 655 3204 subsellilibue
678 3125 807 3213 crassis,
841 3135 992 3224 margine
1015 3153 1133 3200 eorum
1157 3129 1302 3203 tltallode
1325 3132 1453 3206 elevato
1480 3133 1641 3208 laminam
1670 3163 1763 3209 exce·

135 3238 251 3330 dente,
285 3233 339 3308 rel
363 3255 452 3306 extra
474 3259 546 3306 earn
564 3235 792 3332 prominente,
819 3229 1049 3328 cyphellarunt
1074 3228 1274 3328 praesentia,
1303 3232 1461 3330 lanugine
1488 3241 1524 3308 in
1541 3234 1652 3310 aversa
1670 3236 1763 3310 thalli

131 3347 252 3443 pagina
270 3357 370 3436 atque
389 3340 487 3408 etiarn
514 3335 604 3406 thalli
627 3337 736 3406 habitu
762 3333 840 3404 laxo
862 3351 894 3402 ct
923 3331 1083 3406 loborutn
1106 3332 1323 3430 amplitudine
1344 3355 1403 3407 etc.
1426 3356 1485 3409 etc
1519 3371 1558 3390 -
1615 3341 1759 3412 auor.

132 3450 238 3518 reris
263 3463 336 3514 tana
350 3439 481 3524 mina,
506 3462 608 3534 quarn
637 3431 745 3508 modo
765 3429 924 3531 affigeudi
948 3435 1202 3529 apotheciorum
1230 3431 1380 3520 diverso,
1411 3437 1559 3510 laminae
1574 3441 1764 3538 proligerae

130 3554 260 3620 iuterna
279 3539 437 3616 siruslura
454 3559 484 3610 et
499 3531 761 3610 dissimilitudine
775 3539 920 3606 maxima
940 3534 1041 3608 thalli.
1069 3569 1112 3588 ···
1165 3542 1193 3606 lt
1219 3539 1429 3609 Cetrariit
1452 3546 1624 3636 Apothecii
1648 3545 1763 3616 exosis

130 3645 306 3722 orbiculati
322 3635 501 3712 insertione
518 3637 653 3710 centrali
672 3657 703 3710 et
715 3641 813 3708 omni
826 3643 894 3730 ejus
910 3637 1033 3708 atnbitu
1052 3631 1158 3708 subtus
1176 3638 1282 3708 libero
1298 3661 1361 3710 nec
1376 3643 1454 3712 ltine
1469 3640 1615 3735 iduato,
1641 3671 1759 3745 purete·

129 3755 289 3848 chymate
304 3744 447 3816 laminae
463 3742 651 3843 proligerae
664 3731 967 3812 ustulato-striato
986 3758 1083 3838 atque
1097 3737 1187 3812 thalli
1209 3733 1340 3813 diverso
1358 3741 1482 3818 habitu.

235 3951 378 4026 Nomen
394 3947 490 4039 huius
511 3945 648 4018 Generis
664 3944 704 4016 ab
720 3933 936 4014 lllussrislimo
958 3941 1185 4031 sehabet,
1211 3965 1372 4042 qnantum
1392 3937 1481 4032 scio,
1504 3953 1617 4047 primu
1633 3973 1756 4050 propo·

126 4053 239 4146 situm,
276 4073 414 4150 quoque
437 4043 692 4119 subdivisionem
710 4049 796 4116 inter
811 4043 970 4114 lichenes
988 4042 1140 4142 expressit
1159 4047 1192 4114 in
1210 4045 1297 4121 Edit.
1319 4044 1373 4119 sua
1394 4051 1515 4120 Gener.
1538 4053 1639 4124 Plant.
1669 4055 1756 4132 Va,

125 4167 256 4258 p.768.
286 4179 304 4224 a
326 4147 457 4246 pondis
484 4146 565 4219 albis
589 4149 748 4219 excavatis
772 4149 996 4230 reconvertis,
1032 4147 1150 4244 quibus
1175 4139 1303 4219 inferne
1328 4143 1520 4246 conspersae
1541 4147 1757 4230 observantur

123 4269 190 4356 ejus
206 4252 329 4359 species
346 4253 506 4350 petitum,
532 4267 631 4347 atque
648 4273 666 4318 a
683 4269 846 4334 saturos,
872 4249 1111 4346 punslatur,
1133 4240 1223 4318 sorte
1240 4245 1458 4322 derivandum
1477 4253 1534 4328 eti.

231 4455 302 4530 Sub
330 4454 400 4526 hoe
418 4453 547 4525 Genese
572 4447 902 4552 comprehenduntur
923 4453 1028 4522 verne
1056 4452 1349 4539 uninomina,
1375 4455 1640 4549 futurumne,
1667 4461 1754 4532 Pen-

122 4581 272 4641 a'tsatne:
294 4577 327 4632 et
345 4555 678 4657 Losnatnrspsciet
697 4547 864 4632 Hnsstu.
886 4583 928 4610 ···
979 4557 1202 4628 Panurrrnr
1218 4555 1274 4654 Sp.
1295 4558 1622 4638 suessulanum.

1612 4764 1754 4867 Expli.
