4382 5518
711 413 715 425 ·
784 383 999 442 nonnum.
1305 379 1309 389 ’
1437 451 1443 458 ,
1638 385 1714 466 609

192 551 812 668 obtussul'euliaf·utplurinrnnt²·elbie.
871 559 1009 638 tondi·
1040 557 1172 638 dilrtrte
1198 583 1231 640 et
1262 563 1483 654 confluentia,
1523 574 1710 670 marginem
1783 536 1788 544 .

191 696 223 746 et
251 693 387 768 utraque
416 669 513 742 latera
541 671 693 768 inprimis
722 660 832 741 versut
855 669 963 764 apices
990 665 1123 739 lneiuinr
1150 690 1332 768 occupant,
1370 668 1459 743 unde
1487 687 1553 744 tota
1589 677 1709 770 pagine

190 770 279 874 quali
308 776 444 870 pulvere
474 777 595 843 incano
622 762 742 842 suffusa
767 785 911 866 appetet.
971 771 1157 864 Speciminr
1185 789 1283 860 aq
1310 771 1444 870 pollicet
1467 769 1531 844 alra
1557 795 1598 845 ex
1630 773 1710 846 Hel·
1799 805 1806 818 ·

192 881 278 948 veria
300 869 388 944 nrifit
409 872 613 958 Scbleiclrer‚
640 865 695 942 led
718 872 833 942 omnic
855 868 977 968 absque
1004 873 1196 970 apotheciie=
1249 875 1437 971 specimina
1460 875 1540 944 haec
1562 879 1709 970 gerentia

191 980 228 1048 in
249 978 426 1048 Germania
451 972 532 1046 lello
560 968 730 1071 posstdeo‚
764 992 909 1068 quorum
936 967 1074 1044 lneiuiae
1099 969 1303 1070 angustiores
1327 968 1401 1048 lunt
1429 971 1588 1072 pollicem
1613 973 1710 1050 alme.

192 1081 231 1150 ln
263 1081 311 1148 hir
348 1075 519 1172 apothecia
555 1095 662 1172 prope
692 1074 800 1170 apices
830 1065 887 1140 fin
921 1088 957 1159 ur
990 1075 1026 1142 in
1055 1078 1207 1146 varictrte
1247 1071 1426 1148 callenti
1458 1072 1709 1148 Remuliune
1806 1111 1810 1116 ·

192 1173 457 1274 fastigiatae,
491 1167 544 1246 sed
577 1172 685 1246 multo
709 1177 837 1265 majora
859 1195 959 1270 quam
987 1175 1022 1246 in
1043 1175 1124 1260 hac,
1157 1177 1323 1272 rariusque
1347 1174 1545 1252 terminalia.
1609 1174 1709 1274 Apud

194 1301 258 1352 nor
290 1283 389 1348 etiam
422 1273 536 1348 llerilie
571 1269 625 1347 seu
663 1274 784 1371 absque
815 1275 995 1370 apotheciie
1025 1269 1276 1353 occurrit'haee
1307 1281 1445 1348 norietur
1476 1272 1629 1376 caespite·
1656 1274 1706 1349 di.

193 1372 321 1478 spersur
347 1381 382 1450 in
407 1377 582 1474 perietibus
607 1374 724 1474 ligneis
744 1373 874 1458 retussie
897 1368 1091 1452 effortnene.
1661 1405 1666 1408 ·

130 1501 268 1605 Oppido
296 1521 382 1600 patet
411 1499 596 1574 Dillenium
626 1497 805 1574 lehuno
835 1503 986 1594 Speciem
1013 1525 1091 1572 eum
1121 1497 1345 1574 Kamelina
1371 1494 1583 1598 fastigiata
1615 1529 1709 1580 cotn-

196 1597 379 1698 wiswille,
411 1627 490 1674 nam
523 1604 600 1695 Ejus
631 1601 722 1676 Tab.
743 1619 803 1676 αι.
838 1598 895 1698 fig.
921 1623 978 1693 ςς.
1006 1605 1102 1686 Μ’,
1119 1605 1163 1675 Η.
1191 1603 1306 1698 procul
1334 1601 1436 1674 dubio
1457 1603 1498 1674 ad
1527 1605 1708 1680 Kameli-
1859 1669 1865 1682 ,
1994 1665 2000 1672 .

90 1700 94 1708 ’
195 1732 289 1780 nam
318 1699 603 1804 pollinarient
637 1706 802 1800 pertinent
833 1719 865 1772 et
892 1699 1026 1800 fimi·
1060 1705 1095 1786 Β,
1117 1705 1157 1784 C,
1179 1705 1223 1790 D,
1247 1707 1287 1776 G.
1311 1703 1573 1780 Remulinam
1603 1703 1709 1782 lasli-
1765 1775 1768 1784 .

196 1813 356 1908 giorum
380 1807 532 1904 apprime
562 1799 811 1902 repraesentent.
876 1801 983 1875 Facile
1012 1808 1048 1876 in
1075 1801 1231 1876 eumdem
1259 1799 1405 1876 errorem
1437 1803 1613 1896 incideret,
1650 1817 1707 1909 qui

195 1912 382 2004 specimina
411 1908 448 1977 in
471 1899 594 1978 Museo
613 1898 772 1978 eel'toeate
792 1925 854 1975 nee
872 1904 1044 2000 npotlreeia
1068 1931 1145 1976 vera
1171 1903 1414 1976 Romalinae
1442 1907 1707 2003 pollinariae

192 2005 288 2082 uidit.
337 2005 476 2080 Dilleuii
506 2006 664 2083 Tabae.
693 2000 719 2084 f.
737 2013 796 2098 56.
819 2007 856 2082 B.
880 2009 1066 2102 specimina
1087 2001 1207 2080 fertilia
1230 2031 1249 2078 e
1275 2009 1450 2080 Germania
1476 2030 1606 2108 acceptu
1637 2038 1708 2087 non

194 2109 284 2184 male
306 2109 473 2208 exprimit.
1265 2125 1273 2154 ·

103 2255 151 2349 β.
177 2261 220 2336 ll.
245 2261 389 2334 humilis:
424 2255 549 2330 lueiniir
575 2275 756 2354 aggregato
771 2298 785 2315 ·
801 2247 1006 2352 complicatio
1035 2253 1184 2328 breuibur
1213 2249 1346 2328 luceto·
1364 2255 1542 2341 laciniam,
1581 2251 1709 2334 lursum

86 2464 89 2470 Ι
157 2357 274 2464 pall‘rm
305 2357 474 2432 letioribut
503 2356 625 2456 glauco
654 2352 926 2430 cinerescentibue
957 2354 1215 2450 pulverulentis,
1240 2357 1378 2433 maculis
1409 2358 1596 2432 lateralibue
1621 2355 1708 2434 sore·

158 2459 358 2538 diformibur
382 2453 539 2532 latisslmir
559 2453 801 2530 confluentibus
826 2455 1035 2556 pulveraceie.

138 2599 187 2671 lc.
220 2587 339 2662 Aelanr'.
366 2590 400 2658 in
422 2559 503 2660 ΑΒ.
526 2581 649 2656 Stotllr.
669 2583 693 2658 l.
707 2581 733 2656 t.
749 2581 787 2676 f.
801 2605 833 2656 a.
853 2582 905 2690 D?
919 2583 963 2656 Ε.
992 2613 1034 2638 -
1058 2581 1144 2687 ortt,
1163 2583 1248 2677 de.
1262 2582 1366 2679 Most.
1401 2588 1477 2662 Tol.
1489 2609 1531 2662 ar.
1550 2585 1583 2680 f.
1590 2590 1641 2674 56.
1656 2583 1706 2664 A.

135 2711 292 2788 Humilee
323 2701 475 2808 caespitee
508 2711 544 2780 in
571 2705 705 2804 rupilius
733 2708 926 2804 praecipuae
957 2703 1077 2777 obrior
1113 2703 1275 2801 producit.
1341 2712 1492 2783 Luciniee
1523 2707 1708 2784 luriulculee
1833 2697 1840 2710 ⁸

85 2807 119 2824 ”
198 2811 417 2910 utplurimum
450 2809 565 2881 breves
596 2804 818 2903 irregulariter
846 2822 880 2877 et
909 2801 998 2902 quall
1027 2805 1356 2880 luceto-lucinulerae
1375 2801 1540 2884 lle'xuosec
1564 2831 1596 2882 et
1621 2816 1708 2884 inae·

199 2913 364 3008 uuunder,
388 2903 627 3010 glaucescenter
648 2910 703 2980 uix
726 2901 901 2982 lacunosae
923 2899 976 2978 sed
1004 2903 1252 3005 pulverulentee
1279 2929 1310 2979 et
1333 2905 1467 2982 sorediis
1491 2910 1608 3007 amplis
1627 2935 1707 2984 con·

199 3013 375 3088 fluentibue
401 3015 653 3084 contaminatae.
709 3011 887 3102 llpotlr'ecia
918 3011 951 3079 in
984 3009 1044 3077 luae
1075 3007 1171 3080 valde
1199 3025 1320 3106 magna
1342 3008 1488 3084 caedunt
1511 3005 1656 3084 flexuose
1677 3029 1710 3083 ct

198 3107 318 3215 rugum
343 3117 494 3206 energine
520 3113 608 3182 renui
632 3106 763 3180 elevato
783 3100 910 3206 semper
931 3105 1127 3204 perfidente.

114 3243 193 3317 -no
225 3235 332 3312 modo
358 3263 430 3309 mer
456 3241 510 3308 ine
539 3235 759 3317 tintinnum,
794 3251 830 3304 ur
861 3229 1024 3306 Dilleniur
1049 3232 1071 3310 l.
1092 3259 1122 3306 o
1152 3236 1338 3331 Specimen·
1355 3228 1525 3331 quoddam
1551 3230 1711 3333 depinxit,

200 3333 269 3434 ipl'e
291 3363 360 3411 nun
383 3263 454 3409 vrdl
474 3337 568 3428 hujus
596 3337 719 3430 Speciei
743 3331 845 3404 ullam
866 3337 1073 3418 varietatem,
1104 3353 1217 3408 temen
1240 3337 1356 3408 omnia
1385 3330 1551 3418 suadent.·
1576 3335 1712 3411 Dillenii

202 3441 346 3540 figurem
365 3437 493 3548 nullam
515 3438 613 3510 aliam
639 3429 781 3534 speciem
802 3439 1002 3534 exprimere.
1238 3441 1241 3448 '
