4466 5536
767 427 1129 480 PROLEGUMEM·
1689 425 1767 486 Nu

128 641 251 704 uterer.
268 607 379 688 nullm
405 629 486 686 non·
506 611 603 684 notit
624 631 744 692 eornm
765 603 968 692 observator.
1022 615 1102 697 Quo
1125 607 1311 710 simplicior
1334 603 1560 710 organisatio,
1589 631 1633 682 eo
1652 613 1762 704 major

127 735 403 846 progerminanrli
423 740 573 836 potentia
599 756 696 836 atque
726 761 786 836 per
809 755 948 810 aetatem
980 737 1105 836 figurae
1129 758 1162 813 et
1189 737 1331 824 coloris,
1366 737 1410 808 ob
1434 741 1655 824 mutationem
1682 729 1762 806 inde

132 897 260 960 ortam,
294 861 462 942 diuersitas
491 867 529 936 in
562 889 627 936 una
662 859 845 964 eademque
871 859 990 964 speeie.
1049 871 1265 940 Concurrunt
1291 863 1375 952 loci,
1411 863 1498 936 coeli
1526 882 1558 934 et
1589 861 1763 958 temperiei
1795 833 1800 840 .

133 997 373 1102 inreqnaliratea
402 987 445 1066 ad
474 993 573 1065 lianc·
591 985 743 1064 indolem
776 987 1042 1091 polymorphann
1070 989 1367 1094 promovendam,
1407 987 1500 1064 untle
1529 985 1763 1086 multiplicatio
1868 1065 1874 1074 ¹

133 1128 310 1232 specierum
333 1114 501 1194 fallacium
523 1113 612 1218 apud
640 1119 810 1190 Auum-n·
827 1137 899 1190 orta
924 1117 989 1200 cll.
1016 1138 1048 1192 et
1065 1123 1141 1191 hinc
1162 1125 1262 1202 etiarn
1289 1137 1388 1190 notae
1410 1119 1538 1190 Eorum
1559 1112 1765 1188 distinctivae

17 1305 18 1330 ι
134 1263 270 1331 incertae
293 1277 334 1324 ac
354 1237 515 1320 consusae
538 1233 718 1318 evaserunt.
770 1245 848 1315 Una
874 1237 993 1342 species
1020 1249 1055 1315 in
1077 1243 1213 1318 alteram
1237 1247 1327 1317 abire
1353 1265 1383 1316 et
1405 1241 1494 1344 quali
1519 1243 1639 1314 mutari
1667 1263 1766 1337 appa·

135 1406 197 1468 ret,
220 1381 299 1456 alias
322 1373 401 1448 licet
427 1391 459 1444 et
482 1388 598 1442 nutura
621 1361 675 1442 sua
696 1363 955 1442 dillinclill'rmce
985 1367 1048 1442 fine
1068 1407 1115 1426 -
1137 1391 1168 1444 et
1191 1377 1341 1444 trtaximc
1366 1363 1507 1441 diversas
1535 1372 1700 1438 varietates
1724 1355 1767 1434 ad

17 1559 18 1584 t
137 1535 235 1586 unam
256 1495 477 1600 eamdemque
506 1489 651 1594 speciem
680 1489 868 1567 referendas
901 1490 964 1568 else
994 1491 1276 1571 observationibus
1308 1491 1428 1568 sedulia
1456 1517 1489 1567 ct
1521 1485 1765 1566 accuratill'rmit

139 1636 370 1714 confirmatum
402 1625 448 1697 ell
474 1637 574 1721 etque
602 1621 791 1744 pronatum.
861 1623 975 1722 ltaque
1003 1647 1075 1695 non
1099 1621 1205 1721 potesl
1233 1645 1303 1696 non
1327 1620 1544 1694 vacillanter
1568 1624 1670 1690 uni'co
1695 1608 1768 1712 spe·

140 1769 273 1846 nimine,
297 1751 359 1828 nisi
387 1747 604 1849 singularibus
627 1751 718 1819 tiotia
740 1743 1006 1835 distinctionum
1043 1745 1131 1820 nand
1155 1743 1329 1822 observarit
1352 1754 1420 1842 elue
1447 1742 1766 1826 modificationibus,

140 1915 242 1966 rerum
263 1877 547 1958 circumflantium
571 1869 715 1972 impulsu
742 1877 1032 1972 provenientibus,
1069 1875 1237 1947 eliarailer
1262 1867 1433 1973 specificua
1462 1871 1556 1960 elici;
1596 1893 1697 1968 quam
1721 1865 1768 1938 ob

16 2049 17 2052 ¹
141 2031 307 2102 remcerte
330 2021 484 2106 oportet,
509 1996 777 2076 mdillereutiae
797 1995 984 2100 specificae,
1012 2004 1192 2102 quominus
1217 1999 1249 2072 iel
1269 2001 1340 2072 lieri
1365 1995 1478 2100 polilt,
1505 1987 1634 2070 tanlum
1657 1987 1774 2066 morlo·

16 2145 17 2154 ’
143 2144 215 2250 poll
243 2137 407 2241 praecium
433 2151 575 2202 eratnen
604 2125 751 2225 plurium
781 2146 814 2200 et
843 2123 1053 2202 diuersorum
1083 2127 1304 2229 speciminutn
1333 2123 1481 2224 ejusdem
1514 2118 1649 2224 speciei.
1682 2143 1765 2192 con·

16 2329 17 2354 ι
143 2271 253 2348 dantm
271 2286 372 2364 atque
393 2264 435 2332 ita
460 2259 712 2356 exprimentur,
737 2271 773 2326 ut
792 2250 961 2348 diagnoste
985 2251 1052 2330 lida
1080 2277 1113 2328 et
1135 2251 1269 2326 evidens
1296 2251 1429 2342 euadat3
1456 2251 1561 2354 probe
1584 2269 1767 2332 memoret,

67 2493 73 2502 Ι
145 2394 228 2502 qnod
256 2400 290 2468 in
318 2385 507 2462 manauere
536 2373 693 2478 specifico
715 2383 787 2452 *rite
811 2375 960 2476 expresso
985 2383 1088 2455 robor
1120 2385 1197 2454 artie
1225 2377 1349 2464 valeat,
1383 2399 1420 2452 nt
1447 2371 1517 2478 ipse
1545 2397 1686 2474 magnua
1708 2393 1767 2446 an·

16 2603 18 2640 ‚
146 2523 319 2624 testgnanne
350 2517 547 2588 Lrnunnoe
581 2506 666 2582 olim
697 2500 814 2581 effatur
847 2505 914 2598 en,
953 2501 1008 2582 scd
1041 2515 1133 2603 cojoa
1168 2512 1337 2582 monitum
1372 2523 1405 2578 et
1433 2499 1626 2602 exemplum
1655 2495 1764 2598 pluteo

15 2666 16 2679 ¹
148 2653 247 2759 pollen
267 2643 437 2720 Hillorioe
459 2631 629 2711 Naturalie
648 2635 831 2734 Scri-ptores
858 2661 902 2708 ae
925 2637 1074 2708 Botauici
1104 2639 1204 2708 nimie
1231 2627 1406 2734 neglexisse
1428 2627 1593 2706 videntur.
1655 2627 1766 2698 Breui-

15 2803 16 2850 ι
115 2769 121 2784 ’
146 2786 197 2856 nri
222 2769 443 2860 emtatlerum
462 2759 705 2861 specificorum
730 2777 890 2858 quantum
914 2763 949 2834 in
973 2785 1029 2833 me
1055 2755 1119 2834 suit
1141 2753 1474 2850 consulena‚„tamen
1502 2777 1682 2844 numerum
1705 2771 1764 2823 uo·

15 2905 16 2934 ¹
147 2904 329 2984 nouorum
359 2887 604 2969 duodenarium
638 2881 818 2981 tranagredi
846 2911 902 2959 me
929 2882 1110 2986 aliquando
1142 2883 1335 2960 obssrilium
1367 2887 1494 2960 inveni.
1534 2873 1672 2972 „Caull'a
1700 2869 1765 2950 suit

148 3035 246 3132 copia,
262 3021 442 3125 specierum
468 3019 505 3088 iu
534 3011 727 3084 utilioribus
754 3011 953 3100 (inertibus,
986 3035 1129 3111 quarum
1160 3005 1381 3098 differentiae,
1421 3032 1494 3084 non
1518 3002 1581 3080 nist
1616 3004 1764 3104 pluribua

147 3159 264 3241 neritia,
296 3150 340 3226 ob
362 3143 556 3236 affinitatem
587 3156 620 3209 et
645 3139 789 3234 partium
819 3136 1037 3235 plurimarum
1062 3161 1142 3212 cum
1167 3137 1239 3212 eliia
1267 3132 1434 3236 speciebus
1466 3130 1610 3208 fimilem
1632 3123 1768 3204 consor·

149 3288 342 3364 mationem,
366 3264 515 3344 dilucide
536 3259 767 3364 expediuntur.
820 3261 1048 3338 collectiones
1070 3259 1214 3362 infigura
1244 3265 1428 3347 Lichenum
1447 3285 1467 3332 e
1492 3253 1626 3332 diversa
1647 3249 1767 3328 mundi

150 3411 280 3514 partibus
312 3427 353 3475 nc
381 3393 574 3496 regionibus
601 3413 621 3462 a
648 3392 737 3462 Viris
766 3385 978 3477 (lariffimis,
1015 3413 1161 3490 quorum
1196 3391 1336 3465 uomina
1369 3383 1432 3462 suit
1467 3384 1549 3472 socia
1574 3389 1620 3458 iu
1655 3397 1767 3482 gratae

149 3541 256 3620 inentia
278 3527 505 3606 reliimoniun
527 3514 813 3592 etCollcilornm
834 3517 1003 3595 honorem
1024 3509 1099 3590 sunt
1121 3512 1363 3606 memoranda,
1387 3513 1428 3589 ad
1451 3539 1506 3590 me
1529 3503 1660 3600 millae,
1688 3529 1768 3608 ope·

148 3691 210 3738 rem
234 3680 343 3732 meam
373 3655 442 3724 hoe
466 3639 613 3745 respectu
640 3648 871 3756 maximopere
891 3641 1062 3732 levarunt3
1095 3638 1152 3716 scd
1177 3667 1288 3746 neque
1315 3646 1365 3718 hia
1392 3638 1605 3744 atlminieulia¹
1629 3645 1772 3734 juvatur,

148 3787 408 3864 modificationes
441 3795 566 3848 omnen
589 3793 660 3844 uno
691 3769 875 3843 characiere
905 3763 1061 3869 specifico
1092 3775 1278 3869 exprimere
1310 3765 1439 3869 semper
1467 3761 1629 3852 suncini,
1667 3783 1770 3864 querc

149 3941 223 4016 opus
253 3909 315 3988 suit
344 3929 414 3981 tam
443 3905 612 3976 uarietates
640 3900 745 3994 magia
770 3893 990 3994 persillentea,
1024 3897 1262 3972 coullantiorea
1289 3883 1409 3995 nempe
1443 3891 1644 3968 deviationes
1662 3915 1688 3962 a
1715 3910 1786 3986 ge·-

148 4051 241 4118 nuina
269 4059 299 4112 et
323 4032 418 4110 solita
442 4027 596 4102 llrut‘lura
625 4019 810 4122 prosedas,
837 4049 936 4120 quam
963 4028 1061 4097 etiam
1088 4022 1355 4108 modificationes
1378 4020 1531 4108 fortuitae
1547 4045 1593 4121 ‘ac
1609 4039 1770 4108 ‚commu-

149 4197 198 4244 nes
223 4166 442 4257 dillinpuete,
475 4174 511 4228 ut
538 4156 649 4228 omnis
672 4147 831 4252 adquifita
854 4170 886 4224 et
907 4149 1057 4264 plenaria
1081 4148 1122 4227 de
1147 4156 1261 4254 Specie
1284 4147 1352 4254 ipsa
1377 4157 1511 4248 ejusque
1533 4145 1772 4222 mutationibua

147 4299 256 4369 notitia
284 4290 456 4364 habeatur.

245 4519 333 4588 Cum
359 4515 484 4584 interea
516 4507 622 4592 milri,
656 4525 733 4602 prae
764 4499 834 4574 ullo
866 4497 1080 4614 s⁰.“.⁸.„³¹.³9³.
1101 4501 1209 4604 plures
1238 4501 1352 4579 uidere
1384 4523 1417 4578 et
1444 4507 1590 4578 emmini
1617 4497 1772 4594 subjicere

148 4644 324 4720 Liclteuum
350 4633 474 4738 species
498 4655 595 4733 etque
619 4655 736 4704 earum
761 4635 926 4704 varietates
954 4627 1157 4734 cognoscere
1182 4637 1341 4734 contigit,
1374 4657 1533 4708 necnon
1558 4655 1610 4706 eae
1632 4631 1718 4701 inter
1740 4618 1775 4697 se

958 4773 960 4780 .
1744 4767 1779 4824 ‘t
1874 4745 1881 4759 .
