4398 5524
288 461 295 468 .
450 415 500 498 78
730 417 733 424 ’
1160 401 1374 474 cecsuortn'.

451 599 576 676 sectum
599 619 633 671 et
649 599 921 695 immarginetmn
939 587 1003 667 sese
1015 589 1145 669 offerat.
1198 601 1347 668 Mutatur
1361 599 1460 668 etiam
1476 583 1572 670 color
1591 599 1750 692 marginis
1767 594 1923 669 thellodis
1942 603 1976 670 in
2001 596 2085 684 aliis,

451 729 492 776 ac
508 705 663 776 Lamioae
677 698 841 771 concolor
857 691 1063 768 observatur:
1091 695 1270 794 aliquando
1287 692 1420 768 excluso
1440 703 1593 795 margine
1612 695 1758 768 tballode
1775 702 1809 767 in
1829 700 1952 770 ambitu
1968 693 2089 772 incras-

453 800 540 877 satur
558 803 683 875 lamina
704 823 736 871 et
753 802 940 895 marginem
964 794 1052 894 quasi
1069 801 1242 892 proprium
1263 801 1419 894 acquirit,
1446 817 1478 868 et
1501 818 1589 868 certe
1602 795 1786 868 cavendum
1808 824 1851 867 ne
1878 798 1932 871 tali
1951 825 2086 898 permu-

454 909 579 978 tatione
597 897 719 974 sedudli
739 895 832 972 hasce
849 892 968 994 species
987 917 1019 968 et
1036 894 1205 966 individua
1221 894 1261 967 ad
1278 895 1480 968 Lecideas
1506 893 1698 968 reseremus.
1761 894 1937 970 Senescens
1960 904 1997 970 in
2017 901 2088 972 aliis

383 1079 389 1104 ⁸
456 1007 595 1078 elabitur
618 996 724 1072 discus
747 995 801 1070 seu
824 1000 962 1068 Lamina
981 998 1166 1092 prefigere,
1201 998 1412 1092 apothecium
1436 994 1543 1092 ipsum
1565 995 1727 1069 tlsallodes
1753 1021 1940 1072 coocsvum
1963 1007 2090 1100 margi.

458 1125 574 1181 natum
590 1102 796 1200 relinquens,
819 1094 918 1170 bistili
934 1094 1040 1169 tnodo
1058 1116 1093 1167 ut
1110 1101 1146 1167 in
1161 1095 1289 1168 vetullis
1303 1091 1500 1193 quibusdem
1515 1102 1615 1170 Vati
1626 1095 1733 1170 olari
1744 1101 1789 1174 ia.

569 1323 749 1400 Subllantia
776 1321 935 1391 Laminee
958 1317 1147 1416 proligesue
1176 1317 1382 1390 humectatae
1406 1311 1642 1416 subgelstinosa
1670 1341 1685 1390 a
1712 1340 1817 1417 paret,
1852 1318 1903 1391 uel
1926 1317 2087 1410 similaris,

457 1429 530 1513 vel,
554 1435 601 1496 uti
623 1417 919 1521 frequentissimum
938 1419 1004 1507 eli,
1035 1419 1160 1491 cellulis
1185 1413 1441 1490 ilriaesonnibus
1461 1423 1546 1489 intus
1562 1344 1717 1516 pereussd.
1777 1415 1937 1494 Mallulae
1964 1423 2086 1494 oblon-

458 1555 520 1631 gae
537 1521 741 1600 obscuriores
756 1522 970 1591 obvenientes
988 1540 1021 1591 et
1038 1546 1057 1590 e
1074 1518 1235 1616 gongylis
1256 1513 1412 1590 consertis
1437 1536 1472 1589 ut
1492 1517 1622 1592 videtur
1647 1517 1808 1593 formatae
1831 1547 1901 1594 non
1929 1547 2006 1594 rsro
2030 1549 2086 1594 oc·

457 1645 594 1706 currunt
609 1630 644 1696 in
660 1626 756 1713 hujus
779 1623 914 1692 Generis
934 1614 1118 1716 speciebus,
1144 1616 1450 1718 (quemadmodum
1474 1623 1573 1691 etiam
1594 1625 1629 1692 in
1654 1622 1897 1713 Pyrenulis‚
1924 1627 2083 1696 Urceo-

459 1731 598 1808 lariia,
624 1724 839 1800 borreris,
870 1719 961 1807 aliis)
981 1723 1064 1790 intra
1087 1725 1308 1815 parencbyma
1327 1716 1488 1804 lautiore,
1521 1715 1576 1792 sed
1601 1726 1656 1792 vix
1682 1747 1842 1819 umquam
1863 1747 1914 1794 eas
1938 1725 2081 1796 cuticula

460 1826 604 1932 quadam
627 1821 876 1893 membranacea
898 1821 1026 1890 indutas
1053 1817 1130 1894 vidi.
1183 1815 1275 1906 (Csr.
1295 1814 1373 1891 Obs.
1389 1818 1430 1891 ed
1453 1821 1602 1919 explicat.
1621 1825 1744 1916 Figll.
1762 1827 1795 1894 li.
1819 1825 1866 1894 T.
1877 1834 1911 1897 6.
1934 1817 1991 1895 sub
2015 1829 2084 1896 Ur·

461 1926 688 2010 ceolaris).
749 1917 922 1992 Rarillime
946 1915 1003 1990 sub
1026 1920 1147 1992 lamina
1167 1915 1332 1992 discoidea
1353 1919 1485 1992 ssrstutn
1507 1919 1597 1993 eliud
1620 1925 1726 2020 magis
1744 1923 1958 2021 compassum
1976 1943 2084 1998 atrum

459 2023 600 2105 crassum
618 2045 759 2122 opacum
781 2021 919 2093 obvenit
938 2023 1022 2093 intra
1043 2025 1214 2119 apothecis
1230 2027 1265 2093 iu
1281 2025 1348 2093 hoc
1360 2023 1501 2093 Genese.
1513 2087 1535 2125 .·

571 2217 692 2311 Quoad
708 2218 855 2295 sormam
876 2223 1038 2318 apotlteeii
1055 2224 1302 2292 Lecsnorae
1322 2223 1475 2318 proxima
1495 2223 1623 2292 Genera
1639 2213 1730 2292 sunts
1756 2218 1984 2308 Lecideae‚
2011 2229 2082 2298 Ur·

461 2330 703 2408 ceolariae,
746 2323 1007 2406 Roeeettae,
1048 2324 1285 2408 Evetniae,
1325 2322 1499 2405 stisiam
1539 2322 1771 2393 Parmeliae
1804 2343 1834 2394 et
1861 2326 2080 2398 borretac.

460 2441 554 2532 Opus
567 2429 623 2514 est,
643 2445 735 2499 notes
753 2424 943 2521 peculiares,
969 2425 1085 2520 quibus
1103 2424 1143 2492 ab
1158 2424 1205 2491 bis
1222 2419 1376 2517 distingui
1395 2416 1537 2516 possunt,
1553 2422 1694 2496 brevitet
1708 2424 1781 2496 heic
1796 2447 1983 2523 exponere3
2004 2453 2084 2502 nam

459 2561 539 2609 curn
560 2529 655 2607 nullo
670 2526 737 2599 alio
752 2527 937 2598 Licbeoum
955 2527 1083 2598 Genese
1100 2517 1198 2598 facile
1218 2515 1383 2595 confundi
1406 2515 1551 2622 possunt.

570 2748 740 2830 Differuot
761 2751 1021 2823 Lacanorae:

461 2922 715 3006 aLecideis,
747 2916 927 3020 praesentia
951 2923 1110 3015 marginis
1137 2915 1291 2992 thallodis
1318 2939 1350 2993 et
1378 2941 1492 2993 natura
1514 2924 1784 3020 parencbytnetis
1808 2922 1952 2998 laminae
1980 2927 2084 3028 proli·

512 3052 629 3130 gerae,
656 3049 739 3122 quae
755 3043 882 3096 tantum
901 3015 995 3120 supra
1013 3025 1094 3119 tegit
1110 3015 1238 3092 discum
1256 3025 1293 3093 in
1309 3021 1554 3100 Lecanoris.
2187 3009 2188 3034 ¹

461 3206 503 3278 ab
521 3197 788 3275 Urceolariis
813 3196 988 3291 apotbeeio
1019 3188 1111 3267 seffiti
1142 3198 1247 3280 intus,
1279 3188 1406 3281 subtus,
1431 3200 1464 3268 in
1488 3197 1611 3266 ambitu
1631 3215 1664 3267 et
1683 3201 1834 3292 margine
1851 3223 1869 3268 a
1885 3197 1990 3273 tballo
2005 3209 2085 3298 pto·⁸

513 3321 642 3384 creato,
667 3298 862 3393 laminaque'
878 3289 1111 3393 gongyliscra‚
1139 3291 1230 3366 disco
1252 3300 1415 3392 apothecii
1433 3293 1533 3394 plano
1550 3297 1601 3367 vel
1615 3318 1788 3382 convexo,
1811 3297 1951 3374 instrata.
1985 3377 1990 3386 ,

462 3465 723 3552 auoccettts
740 3467 991 3564 apotheciorum
1010 3471 1163 3562 margine
1177 3464 1287 3540 subtus
1305 3467 1427 3550 libero.
1460 3467 1583 3540 lamina
1597 3465 1762 3567 proligeta
1781 3475 1869 3542 tenui
1891 3467 2029 3570 simplici
2052 3497 2086 3548 et

513 3571 603 3648 thalli
620 3585 734 3640 natura
753 3591 791 3637 ac
810 3561 921 3640 sorma
941 3564 1160 3644 diverfiffima.

462 3750 660 3923 ebdlissern
672 3743 725 3910 itia
745 3741 926 3836 apotheciis
943 3739 1050 3839 planis
1070 3741 1124 3815 vel
1147 3744 1303 3816 convexit
1318 3738 1443 3830 etesiis,
1468 3737 1583 3817 indole
1603 3762 1635 3814 et
1657 3741 1813 3817 llruslura
1829 3743 1922 3820 tballi
1938 3753 2086 3826 maxime

537 3862 723 3942 rcrepaue.
2185 3853 2186 3856 ,

462 4021 657 4104 astidlis,
682 4011 904 4088 Parmeliis
926 4035 959 4086 et
977 4018 1174 4090 Bosreris
1201 4018 1380 4114 apotheciis
1403 4019 1547 4088 omniuo
1571 4009 1745 4101 sessilibus,
1769 4043 1831 4090 nec
1857 4037 1984 4094 tantum
2005 4049 2083 4096 cen.

514 4147 567 4198 tto
582 4119 688 4194 affixis
707 4115 758 4188 vel
772 4110 1055 4212 subpedicellatis‚
1080 4122 1204 4192 borum
1223 4115 1334 4192 socrus
1357 4113 1502 4192 dissimili
1522 4137 1554 4191 et
1578 4115 1669 4192 tballi
1686 4119 1796 4190 habitu
1817 4147 1856 4192 ae
1873 4129 2081 4220 proprietati.

511 4227 570 4298 bus
585 4217 680 4292 ualde
695 4213 842 4295 divesis.

571 4420 709 4492 Nomen
731 4415 905 4486 Genetisa
930 4425 1074 4496 ληκανον
1099 4441 1226 4514 parva
1253 4411 1435 4488 scutella
1460 4434 1492 4488 et
1514 4441 1585 4514 ωςα
1606 4410 1760 4502 sorma,
1786 4417 2079 4518 pulchritudo.

463 4521 644 4626 Apothecia
668 4517 761 4590 euius
781 4519 816 4586 in
831 4517 898 4589 buc
915 4517 1042 4590 Genere
1063 4513 1330 4600 scutellisormia,
1363 4512 1544 4616 saepissime
1563 4523 1662 4592 etiatn
1679 4517 1814 4620 pulclrte
1829 4521 1975 4598 colorata
1995 4521 2081 4606 sunt.

2004 4727 2087 4802 Hoc
