4398 5524
802 341 1032 414 acheronta,
1656 351 1724 415 121

103 551 219 624 batum
236 546 300 622 ess'e
322 545 421 648 pure,
449 541 654 646 quodetiam
673 541 801 612 Genere
823 531 895 609 satis
921 537 1089 612 dillinelne
1110 537 1171 612 lint
1197 563 1309 612 eastun
1331 531 1462 635 speeies.
1523 535 1632 611 Color
1649 545 1730 634 aposs

103 657 291 848 {lpielpreurr'pm
308 659 342 722 in
358 651 531 722 Aledloriis
546 669 621 719 raro
637 638 751 714 differt
764 667 783 711 a
798 639 912 712 colore
928 641 1031 732 thalli,
1057 640 1117 713 nili
1132 667 1190 740 per
1204 658 1341 712 aetatem
1356 657 1499 710 mutatur
1513 639 1596 710 vele
1610 647 1729 738 pruina

220 874 402 948 Substantia
422 893 453 944 et
473 890 597 946 textura
612 869 704 942 thalli
721 868 1026 964 neapotheeinrum
1041 861 1163 936 diversa
1187 891 1205 935 a
1225 861 1561 953 Collematibus3
1596 867 1731 961 apothe-

107 981 163 1046 eiis
186 969 341 1048 sell‘rlibur
369 996 541 1046 eteorum
564 970 622 1044 filu
652 972 719 1043 alio
749 993 813 1040 nee
833 992 903 1040 nou
926 967 1018 1040 thalli
1044 967 1153 1038 babitu
1175 994 1193 1037 a
1214 965 1456 1038 Romalinir
1479 965 1562 1036 bene
1586 963 1661 1036 sunt
1680 964 1730 1036 di·

109 1075 242 1146 llinclae
267 1075 522 1147 hledloriee.

221 1203 261 1268 ln
285 1204 383 1268 ramis
411 1193 464 1268 seu
486 1195 602 1270 loculis
628 1193 813 1268 nleuoriae
838 1186 1018 1290 specierum
1044 1189 1179 1264 Suredia
1202 1186 1401 1262 subeotnnda
1427 1189 1479 1260 vel
1505 1187 1646 1288 elliptiea
1671 1196 1733 1263 mi.

112 1319 184 1368 nuta
200 1298 276 1370 alba
290 1323 437 1369 convexa
458 1295 644 1395 frequenter
667 1312 864 1382 occurrunt;
900 1287 1081 1382 sednulla,
1114 1311 1242 1388 praeter
1265 1293 1362 1381 baec,
1396 1293 1567 1388 ephebecia
1590 1293 1653 1364 elia
1678 1319 1731 1364 ae·

114 1394 244 1468 cellaria
261 1403 298 1467 in
317 1398 381 1469 illis
401 1395 620 1471 observantur.

219 1523 360 1592 Nomen
389 1525 521 1592 Generis
549 1523 589 1592 ab
609 1530 826 1612 αλικτωρος,
857 1519 974 1609 juba,
1005 1515 1219 1612 capillus,
1246 1510 1443 1592 desumtum.
1503 1515 1619 1590 Thalli
1638 1522 1731 1593 enim

119 1624 195 1689 rami
217 1615 277 1690 seu
294 1619 399 1690 lunula
421 1625 571 1717 elongata
588 1619 804 1716 utplurimum
825 1619 918 1689 valde
933 1623 1041 1690 tenuia
1058 1613 1131 1690 sunt
1148 1639 1180 1688 et
1194 1611 1264 1690 fere
1276 1617 1471 1716 capillacea,
1504 1619 1610 1716 etque'
1622 1615 1733 1708 similia

118 1717 262 1791 tudinem
283 1725 464 1793 maximam
481 1724 598 1792 babent
615 1747 692 1792 eum
713 1717 783 1792 setis
802 1724 940 1815 equinis.

216 1846 287 1914 Sub
311 1847 377 1916 hoe
392 1848 517 1918 Genese
536 1841 861 1940 comprehenduntur
881 1845 1097 1916 Panaremnn
1119 1846 1247 1940 Species
1275 1843 1418 1918 heber.
1444 1844 1553 1920 Meth.
1572 1845 1662 1922 Lien.
1688 1880 1732 1903 -

118 1943 269 2016 [laurae
287 1948 382 2041 Spec.
401 1941 588 2029 Holl'm„
615 1943 743 2028 Dill,
769 1946 935 2020 Schreb.
956 1938 1079 2018 subdiu.
1098 1947 1188 2018 Lich.
1204 1949 1238 2014 in
1254 1947 1338 2021 Gen.
1357 1942 1434 2019 l’lar.

578 2144 891 2242 Explicatio
942 2147 1267 2242 Figuratum.

792 2271 895 2345 Tab.
936 2269 1041 2341 Xlll.

123 2388 179 2469 Fig.
202 2404 229 2458 1.
270 2397 310 2458 Δ.
334 2390 519 2454 Acerroniae
537 2388 676 2472 jubatae
701 2391 889 2471 apotheeinm
917 2395 1136 2464 instinctorum
1166 2387 1257 2450 sellile
1286 2389 1556 2465 eoneaviusenlnns,
1586 2411 1643 2454 una
1662 2412 1731 2459 eum

352 2489 434 2610 pappa
456 2467 557 2610 thalpp,
588 2469 626 2529 ad
647 2469 890 2551 perpendiculum
910 2471 1068 2533 secuudum
1090 2468 1306 2546 longitudinem
1330 2469 1413 2534 thalli
1433 2473 1603 2548 diffeelunr,
1622 2481 1732 2554 magni·

353 2569 386 2614 ιιι
411 2573 455 2610 me
478 2573 513 2610 au
543 2570 571 2611 a.

320 2651 351 2694 a.
365 2634 568 2774 flnppprhxium
588 2629 698 2712 ipsum,
726 2645 821 2694 toturn
842 2652 858 2692 a
877 2628 972 2693 thallo
993 2629 1175 2702 formatum,
1205 2630 1257 2692 sub
1282 2653 1342 2714 qno
1367 2627 1411 2716 (ιι)
1429 2632 1537 2698 thallus
1556 2635 1690 2700 elevatus
1704 2652 1734 2700 ee

388 2733 401 2768 C
433 2731 502 2774 elur·

320 2793 384 2854 b.b
420 2795 551 2855 Ambitus
564 2795 712 2874 apothecii
725 2791 855 2858 elevatus
872 2797 1034 2873 marginem
1050 2792 1175 2855 offerens
1197 2790 1382 2854 subseffilem.

321 2894 388 2934 c.c·
409 2873 513 2936 Thalli
530 2875 731 2956 portirnrenlne
751 2893 900 2938 truncatae

277 2957 313 3018 Β.
337 2953 474 3030 Ejusdem
495 2957 625 3018 lichenis
647 2959 841 3040 apothecium
869 2957 1033 3023 vetustum,
1062 2955 1146 3040 supra
1171 2949 1214 3036 (¹³)
1237 2970 1419 3026 convexum,
1454 2953 1620 3039 eodemque
1638 2959 1731 3022 medo

326 3035 572 3115 repraesentatum
588 3051 620 3096 ιιι
635 3040 665 3096 in
687 3041 747 3114 Fig.
759 3041 792 3098 Δ.
1218 3051 1222 3060 ’

282 3117 321 3174 C.
345 3119 444 3187 Hujus
459 3119 603 3197 apotheeii
618 3115 741 3179 dimidia
760 3138 826 3200 pare
843 3134 1018 3196 magnopere
1031 3116 1125 3177 aubia.

322 3213 377 3254 a.a
401 3215 426 3254 a.
451 3201 605 3258 Substantia
621 3197 768 3260 curticulis
786 3195 870 3258 thalli
888 3198 1074 3277 apotherirnn
1092 3192 1174 3254 simul
1188 3194 1353 3264 obducens,
1383 3209 1495 3272 partem
1520 3199 1585 3268 eius
1600 3197 1734 3278 superie.'

364 3295 428 3336 rem
448 3275 640 3415 digciformem
662 3275 718 3365 (b)
739 3295 767 3340 et
783 3283 941 3357 marginem
962 3275 1011 3363 Xc.)
1025 3275 1172 3345 efficiens,
1195 3273 1345 3344 fimilatih
1367 3275 1416 3334 seu
1434 3275 1573 3353 301185105
1597 3279 1732 3340 nidulan·

369 3371 413 3414 tes
435 3379 472 3415 nu
496 3381 527 3418 os
547 3363 705 3420 continens.

322 3437 353 3498 d.
376 3438 534 3498 Substantia
553 3438 722 3498 medullaris
737 3441 854 3520 stuppea
871 3435 973 3511 thalli,
995 3437 1182 3518 apotheeium
1203 3450 1232 3496 et
1255 3435 1379 3497 thallum
1399 3435 1493 3517 ipsum
1510 3441 1588 3499 intus
1606 3439 1733 3521 replens.

121 3537 174 3613 rig„
193 3553 224 3606 2.
269 3545 311 3602 Α.
333 3537 741 3682 Alectorieejbrmentplae
759 3545 963 3623 apotheeimn,
983 3559 1016 3602 ut
1030 3545 1061 3600 in
1074 3543 1120 3617 fig
1134 3557 1160 3603 1.
1175 3546 1209 3605 Δ.
1231 3541 1359 3604 seelione
1377 3539 1624 3622 perpendiculari.
1651 3564 1690 3604 ιιι.
1705 3564 1733 3606 a.

361 3623 424 3680 b.e.
458 3636 491 3680 ut
509 3625 538 3680 in
562 3625 647 3681 citata
689 3641 760 3698 gnra
784 3622 945 3704 explicatae
969 3623 1043 3681 sunt.

272 3705 311 3761 B.
338 3697 475 3773 Ejusdem
484 3703 809 3782 Lichenisapotheeium
818 3707 973 3772 vetustum,
985 3707 1016 3762 in
1028 3703 1080 3762 har
1089 3699 1183 3782 speeie
1192 3700 1323 3764 sacrato·
1332 3695 1546 3784 depreffumh)
1557 3719 1735 3773 caricarum·

321 3782 352 3840 b.
364 3781 396 3843 b.
419 3778 525 3841 Thalli
547 3780 719 3862 particulae.

120 3882 167 3958 Fig.
187 3897 217 3958 3.
261 3883 631 3956 Alectoriaeumeor'dis
649 3887 836 3967 apothecium
857 3908 925 3949 enm
944 3902 1027 3970 parte
1046 3883 1146 3956 thalli,
1167 3885 1451 3968 perpendiculariter
1469 3889 1623 3955 restrium.
1645 3913 1686 3958 ιιι.
1706 3911 1736 3958 ai

321 3985 349 4026 a.
361 3967 389 4025 b.
404 3983 432 4026 c.
453 3979 487 4024 ut
502 3967 554 4024 hae
569 3983 664 4046 partes
683 3972 713 4026 in
729 3969 776 4044 lig.
792 3986 813 4030 r.
832 3974 865 4032 Α.
887 3970 971 4052 supra
988 3967 1176 4050 explicantur.

117 4065 171 4143 fig·
190 4086 220 4148 4.
264 4073 308 4132 A.
332 4074 400 4130 Pars
419 4066 504 4129 thalli
518 4073 622 4144 integri
637 4083 767 4130 truncata
787 4072 967 4131 Alectnriaa
990 4071 1122 4148 iubatae
1141 4092 1203 4133 var.
1218 4062 1499 4154 chalybeiformis,
1518 4077 1549 4136 in
1571 4097 1628 4159 qua
1650 4085 1735 4144 sore.

354 4150 440 4210 dium
455 4147 499 4231 (a)
515 4147 658 4210 elevatum
676 4168 705 4212 et
719 4171 736 4210 a
751 4151 844 4212 thallo
860 4149 1008 4229 submergi
1020 4166 1109 4210 ratum
1122 4153 1262 4212 occurrit.
1281 4171 1309 4208 m
1335 4171 1364 4212 a.

272 4238 312 4296 Β.
336 4228 439 4290 Pulvis
463 4248 480 4288 e
505 4230 633 4292 Sorcdiis
658 4232 743 4306 hujus
763 4233 899 4304 Liehenis
923 4231 1088 4312 separatus,
1114 4227 1252 4307 gnngylua
1274 4228 1295 4294 s.
1319 4234 1480 4316 propagula
1497 4239 1598 4319 pasfirn
1616 4241 1735 4321 conglo-

323 4323 437 4374 merata
460 4307 597 4378 offerens.
620 4333 659 4374 m.
679 4333 706 4374 a.

587 4494 1258 4529 m

1066 4657 1099 4732 R
