4398 5524
775 483 779 490 ·
802 444 1096 517 corurcurnnrt.
1689 453 1759 533 ης

124 673 238 723 cuum
258 643 451 722 intrinsecus
471 638 636 745 relinquit.
688 641 735 718 lta
755 645 852 714 etiam
868 657 1055 738 comparata
1070 635 1114 710 esl
1129 634 1244 712 eadem
1266 632 1438 716 sobllautia
1462 636 1651 714 medullatis
1676 641 1760 708 iutra
1893 675 1903 694 ι

120 752 275 824 thallum
298 743 406 846 ipsum
429 753 466 818 iu
493 742 824 820 corniculariae
850 745 989 815 uenere

245 919 450 1018 Obliquitate
468 921 741 1016 apotbeeiotum,
765 932 800 986 ut
818 911 913 1012 supra
928 919 1066 1000 monui,
1090 917 1296 988 conveniunt
1317 913 1657 990 corniculatim
1680 935 1759 986 cum

125 1027 368 1104 Certatim,
401 1039 433 1092 at
454 1039 581 1115 praeter
606 1020 781 1088 laminam
804 1017 1007 1114 proligeram
1030 1008 1231 1086 discoidcam
1255 1021 1289 1088 in
1318 1021 1368 1089 bic
1399 1011 1691 1097 dissimillimam,
1724 1018 1761 1082 in

126 1125 276 1195 Corui
284 1120 463 1192 culariit
480 1143 561 1190 veto
576 1144 593 1187 a
609 1113 780 1188 sublleutia
802 1116 948 1187 corticali
964 1112 1054 1186 thallt
1072 1117 1125 1185 uix
1142 1112 1416 1213 dilliuguibilem,
1449 1120 1598 1214 quamvis
1619 1113 1763 1211 pletum·

127 1247 200 1319 que
224 1219 367 1291 vividius
394 1216 595 1303 coloratam,
627 1219 726 1287 etiam
752 1218 931 1309 apotlteciir
955 1218 1098 1284 omniuo
1122 1215 1247 1309 peltatis
1275 1235 1306 1288 et
1327 1216 1452 1286 ambitu
1480 1215 1604 1286 borum
1625 1212 1762 1284 demum

126 1321 262 1392 reflexo
278 1343 426 1390 necnon
449 1319 559 1390 babitu
574 1316 663 1388 tballi
683 1321 824 1386 multum
842 1315 882 1383 ab
900 1315 949 1384 bia
970 1309 1150 1384 discedunt.
1203 1311 1302 1386 Hisce
1321 1320 1408 1387 uotis
1430 1319 1527 1386 etiam
1544 1333 1640 1410 atque
1660 1318 1760 1384 etiam

127 1423 174 1490 ab
195 1420 430 1490 Alee‘loriir
453 1438 486 1489 et
505 1416 741 1490 Ramaliuis
765 1419 891 1511 optime
909 1411 1520 1510 distinguunturcorniculatiae:
1554 1438 1661 1511 neque
1681 1439 1759 1486 cum

130 1522 296 1590 Urneie
316 1514 481 1590 conlundi
505 1512 655 1614 polluat,
687 1533 754 1588 tam
776 1517 820 1587 ob
841 1511 931 1586 thalli
952 1531 1104 1585 naturam
1130 1536 1162 1588 et
1189 1513 1336 1590 sormam
1357 1511 1628 1598 diverfiffmam,
1659 1507 1782 1610 quam¹

130 1621 401 1718 apotheciorum.
453 1693 458 1702 ,

244 1796 341 1864 Leuis
361 1785 418 1862 sub
433 1796 619 1886 augmentis
635 1784 833 1885 conspicitur
857 1785 1024 1884 impressio
1044 1793 1077 1860 in
1100 1791 1225 1860 ambitu
1248 1787 1471 1887 quorumdam
1496 1786 1761 1882 apotbeeiorumJ

131 1891 257 1962 lineam
278 1888 489 1988 separationis
509 1888 690 1964 obsoletam
711 1895 795 1961 iuter
811 1888 969 1961 laminam
990 1883 1191 1960 discoideam
1213 1909 1244 1960 ct
1264 1889 1458 1964 inferiorem
1476 1889 1637 1985 apothecis
1654 1884 1761 1958 ullen-

135 1988 242 2074 dem,
265 1987 322 2062 sed
341 1988 412 2064 sere
428 2013 626 2064 concretam.

253 2161 404 2258 Gongyli
426 2184 461 2232 ut
479 2169 511 2233 in
534 2163 764 2234 Aleslotiit
784 2181 815 2234 et
832 2159 1076 2234 Ramalinir
1096 2187 1166 2234 non
1189 2189 1264 2236 raro
1291 2169 1388 2235 etiam
1413 2166 1447 2234 io
1470 2155 1643 2234 subllautia
1660 2162 1759 2234 cotti·

134 2259 202 2332 cali
219 2263 308 2333 tballi
326 2281 360 2331 ct
374 2264 626 2357 apotheciorum
644 2269 686 2335 ita
702 2256 867 2360 dispositi,
890 2280 925 2334 ot
946 2261 1034 2332 llriae
1052 2260 1142 2360 quast
1157 2259 1316 2338 forment.

246 2437 365 2531 Neque
379 2433 515 2506 Soredia
541 2462 648 2532 neque
671 2435 731 2506 alia
759 2437 937 2531 Apotltecia
962 2430 1133 2506 accessoria
1157 2442 1192 2508 iu
1213 2434 1545 2509 cornicularum
1569 2431 1672 2508 thallo
1700 2457 1756 2506 oc·

132 2553 289 2620 currunt,
317 2554 444 2630 practer
461 2537 624 2609 tubercula
645 2533 803 2633 quaedam
824 2539 942 2632 exigua
963 2529 1023 2606 suo
1039 2534 1144 2609 modo
1167 2535 1380 2638 Cephalodiia
1400 2535 1529 2610 suuilia.

240 2711 377 2779 Nomen
396 2711 533 2778 Generis
554 2709 593 2777 ab
611 2705 728 2781 ttluttr.
750 2707 915 2777 Schteb.
938 2712 1048 2799 primo
1068 2708 1237 2796 usitatum,
1260 2709 1299 2783 ad
1318 2707 1555 2786 subdiu-Lim.
1579 2709 1754 2785 determiu.

132 2813 168 2879 iu
188 2809 274 2879 Gru.
295 2807 400 2880 Plaut.
425 2835 445 2877 a
462 2804 571 2880 forme
589 2805 790 2879 corniculata
812 2829 985 2877 ramorum
1000 2807 1091 2880 tballi
1106 2807 1291 2882 desumtum
1310 2809 1372 2883 else
1390 2809 1529 2884 videtur.

248 2981 313 3049 Sub
328 2975 359 3049 se
375 2977 627 3076 comprehendit
647 2983 711 3051 boc
734 2983 846 3050 Genua
865 2981 1080 3064 bounmuu,
1115 2985 1366 3056 Coaauuormu
1391 3003 1422 3056 et
1440 2987 1598 3060 Uauuuu
1624 2989 1755 3085 Speciea

134 3073 224 3176 apud
244 3073 415 3152 Hosstu.
440 3115 481 3136 -
532 3083 831 3153 Couutcucurus
850 3079 959 3150 llill.

607 3333 915 3432 Explicatio
967 3335 1283 3431 Figuratum.

825 3507 926 3579 Tab.
971 3509 1072 3582 XIV.

128 3687 195 3762 ἧς.
219 3695 251 3749 1.
293 3684 331 3744 tt.
357 3670 601 3740 comiculartae
611 3665 795 3758 spadiceae
815 3679 1003 3758 apothecium
1032 3680 1131 3752 junior
1151 3699 1217 3742 euru
1243 3696 1327 3764 parte
1350 3681 1455 3749 ramuli
1480 3684 1588 3762 thalli,
1617 3693 1649 3752 in
1675 3697 1759 3767 rujur

375 3762 461 3838 apice
477 3755 598 3836 oblique
613 3753 715 3818 subtus
734 3757 880 3833 affigitur,
910 3759 946 3818 ad
970 3757 1213 3840 perpendiculum
1236 3763 1407 3838 dillcbluut,
1434 3770 1636 3848 umguitttdiue
1657 3776 1754 3838 aucta.

346 3883 373 3925 a„
395 3865 461 3922 Pare
476 3858 611 3940 superior
630 3857 808 3920 ‹liscisormia
825 3861 955 3937 ejusdem
974 3865 1121 3943 apothecis
1134 3885 1268 3929 concavo.

343 3964 373 4025 lt.
387 3965 418 4026 b.
439 3965 573 4024 Ambitus
594 3963 722 4026 elevatus
739 3965 861 4024 inflexus
879 3963 1084 4028 denticulatus.

345 4089 373 4130 e.
394 4072 464 4130 Para
481 4067 587 4128 ramuli
606 4071 762 4151 apothecio
784 4065 885 4128 subtus
901 4064 945 4152 (d)
964 4067 1086 4152 oblique
1104 4071 1212 4134 adnati.

305 4201 338 4261 B.
360 4196 561 4278 Apotbccium
580 4197 711 4272 ejusdem
727 4198 863 4258 lichenis
881 4193 1033 4268 adituum,
1053 4197 1140 4260 simili
1158 4199 1250 4261 modo
1267 4167 1431 4284 obliquum.
1452 4221 1493 4272 ω.
1510 4224 1538 4273 a.

346 4325 373 4365 a.
397 4303 463 4363 Para
485 4302 570 4376 huius
591 4300 691 4382 supina
712 4299 903 4383 planiuseulu.

346 4405 367 4465 b
383 4404 448 4466 cd.
474 4418 507 4464 ut
526 4408 557 4464 in
572 4407 620 4482 lig.
631 4410 664 4464 ll.
689 4405 743 4465 bue
764 4419 862 4486 parter
878 4403 1040 4490 explicatae
1060 4405 1134 4470 stunt.

306 4539 341 4598 C.
361 4535 559 4618 Apotherium
574 4537 604 4596 in
621 4533 722 4595 eadem
741 4534 836 4616 speoie
848 4538 1013 4608 vetustum,
1034 4533 1147 4619 semper
1158 4535 1327 4622 obliquum.

342 4660 371 4708 2.
392 4643 459 4706 Pan
477 4641 725 4722 supermontem
741 4641 774 4704 in
787 4640 900 4704 ambitu
919 4635 1015 4726 (ub.)
1032 4642 1149 4704 reflexa.

1132 4745 1158 4805 R
1177 4758 1198 4818 3
