4472 5536
583 1169 1407 1276 PROLEGOMENA.

763 1457 1200 1488 „..............

181 1673 284 1854 Poss
317 1772 451 1852 editum
486 1769 892 1872 Licbenograpbiae
924 1747 1126 1846 Svecica'e
1164 1767 1453 1846 Prodromom
1487 1794 1525 1846 ac
1556 1773 1809 1874 Metborlom
1883 1775 1886 1784 ’

184 1931 287 1980 meam
317 1907 582 1986 nicoenum,
626 1897 892 2000 quamplurimae
927 1899 1222 1978 milriinnotuere
1255 1892 1365 1970 norae
1401 1919 1520 1969 eurum
1552 1902 1683 2007 Speciee
1714 1923 1813 2007 atque

183 2039 293 2110 barum
326 2035 510 2105 varietates.
569 2027 632 2098 Hir
662 2043 694 2098 et
721 2043 819 2098 antea
850 2027 993 2121 cognitis
1028 2019 1287 2095 scre-omuibus
1320 2047 1396 2094 cura
1430 2020 1633 2122 exquilitiori
1665 2037 1812 2108 examini

27 2159 28 2164 ’
188 2157 346 2256 labimus,
373 2159 483 2252 magia
512 2157 686 2250 magisque
713 2147 888 2223 instruitur
917 2143 966 2220 lui
991 2143 1032 2220 de
1059 2151 1097 2219 iis
1124 2150 1309 2222 Liclrenum
1333 2147 1504 2247 partibua,‘
1534 2175 1618 2250 quae
1643 2152 1685 2227 ad
1713 2179 1807 2234 natu.

186 2313 251 2362 ram
283 2289 411 2359 borum
444 2275 690 2379 vegetabilium
719 2270 953 2373 explicandam
980 2299 1018 2348 ac
1044 2271 1311 2371 Disposrtionem
1342 2297 1461 2348 eorum
1491 2273 1723 2358 Methodicam
1749 2291 1814 2364 rita

187 2406 403 2490 ordinandam
424 2401 579 2479 conferre
604 2399 745 2478 valeant.
798 2403 885 2494 an,
911 2403 1028 2501 quiex
1052 2402 1141 2473 hisce
1159 2398 1326 2474 laboribus
1349 2395 1576 2476 redundarunt
1594 2399 1742 2498 frutlus,
1768 2439 1812 2490 ex

187 2535 363 2640 opuleolo,
389 2528 485 2634 quod
507 2531 609 2613 Tibi,
637 2529 757 2602 Ledlor
778 2529 948 2600 Botaoice!
978 2553 1068 2601 nunc
1089 2521 1217 2616 offero,
1250 2520 1320 2626 lpse
1347 2521 1520 2628 perspiciat
1545 2549 1578 2604 et
1597 2541 1689 2629 cujur
1713 2549 1809 2640 pretii

188 2665 245 2742 fiat
262 2655 449 2765 dignoscat.
501 2655 627 2764 luterea
649 2678 763 2728 meum
792 2649 855 2726 effe
877 2649 979 2742 duxi,
1014 2649 1170 2755 syllogcn
1190 2649 1464 2729 emendationum
1487 2663 1726 2758 praemittere‚·
1747 2691 1811 2754 nec

188 2818 253 2870 non
276 2783 522 2867 observationes
550 2777 709 2885 quasdam
734 2776 929 2866 illullrantet
952 2775 1129 2877 adjiceres

293 2996 346 3070 Ne
362 2993 462 3092 copia
481 2990 703 3062 terminorum
724 3008 896 3060 uovorum
921 2981 1066 3059 studium
1089 2989 1275 3064 Liebenum
1296 2984 1466 3063 difficilior
1490 2986 1666 3096 reddatotg
1692 3004 1809 3094 qnam:
1913 2982 1916 2990 '

189 3125 346 3225 plurimos
372 3139 514 3203 eorum,
539 3115 656 3216 quibua
682 3107 908 3202 inMetbodo
934 3105 1009 3182 usur
1031 3097 1123 3201 lum,
1147 3131 1261 3213 utpote
1284 3118 1396 3188 urinur
1424 3110 1637 3209 neeellarior,
1671 3123 1739 3214 jam
1760 3147 1814 3198 ex·

189 3247 263 3326 elul'r
284 3267 316 3322 et
338 3243 417 3318 illos
442 3259 570 3316 tantum
595 3235 752 3326 adhibui,
776 3261 861 3340 quoe
884 3239 1141 3337 praetermittere
1165 3263 1215 3310 rec
1239 3239 1431 3340 pertendam
1452 3245 1574 3334 uetuit3
1600 3239 1725 3344 quippe
1748 3266 1812 3323 ter·

188 3381 266 3452 mini
303 3371 483 3448 [lumeni
528 3389 636 3466 neque
662 3360 734 3444 satit
765 3361 880 3438 idonei
906 3387 1014 3464 neque
1046 3357 1243 3437 sufficienter
1274 3382 1562 3466 comparuerunt:
1609 3394 1689 3444 nam
1725 3375 1811 3448 mibi

189 3495 373 3606 persuasum
400 3469 467 3582 cll,
499 3497 534 3565 in
563 3495 626 3566 bac
656 3517 690 3566 re
718 3511 810 3566 caute
840 3483 905 3563 else
925 3485 1119 3589 agendum,
1148 3486 1258 3565 donec
1280 3483 1475 3564 solidiorem
1507 3519 1547 3566 ac
1573 3497 1749 3572 certiorem
1770 3495 1814 3572 da

29 3613 30 3642 ¹
188 3635 339 3706 omnium
371 3619 606 3724 vegetabilium
637 3637 939 3720 cryptogamorum
963 3635 1099 3704 natura,
1138 3619 1370 3718 cognitionem
1398 3617 1486 3690 areli
1517 3611 1688 3698 luerimua.
1750 3610 1816 3716 Sic,

188 3783 236 3832 ex.
266 3781 318 3854 gr.
353 3754 510 3824 omnium
543 3747 730 3820 Licbenunr‘
757 3741 977 3846 Receptacula
1005 3741 1173 3844 partialia,
1211 3751 1450 3847 cujuscumque
1476 3740 1623 3837 formae,
1662 3742 1816 3840 fabricae,

188 3881 376 3956 substantiae
400 3904 440 3949 ac
468 3869 591 3946 indolis
609 3867 691 3962 lint,
718 3893 788 3944 uno
811 3871 978 3978 trorrriue:¹
1009 3870 1182 3964 Apothetia
1211 3865 1403 3970 defigoavi3
1443 3864 1500 3945 led
1529 3875 1610 3948 baec
1637 3876 1758 3948 iterum
1780 3879 1822 3962 ia¹

188 4027 317 4086 cernet
345 4001 506 4103 ecceffmiu
534 3992 559 4076 l.
589 3991 779 4072 secundaria
813 3993 967 4084 dillinxi,
1008 4019 1157 4094 quaeque
1187 3989 1460 4096 descriptionibus
1495 3986 1681 4097 adaequatis
1713 3997 1822 4088 infra,

188 4139 243 4210 ubi
264 4132 307 4206 de
331 4135 420 4204 hisee
441 4125 586 4228 partibus
612 4121 802 4222 bagulatim
827 4126 954 4219 agitur,
979 4125 1159 4195 accuratior
1182 4119 1364 4221 explicabo.
1423 4126 1548 4197 Paucos
1569 4149 1698 4212 novor,
1733 4153 1818 4228 quoa
1919 4109 1921 4114 ⁵

191 4263 297 4340 addidi
325 4261 511 4340 terminos,
537 4253 597 4328 luo
618 4251 718 4328 etiam
736 4249 815 4326 loco
841 4243 1183 4333 commemorandos,
1215 4245 1303 4320 baud
1329 4244 1590 4350 supervacaneos
1618 4248 1701 4339 elle,
1732 4259 1818 4354 quia.

193 4417 268 4492 que,
304 4407 341 4462 ut
363 4382 482 4486 spero,
508 4386 544 4455 in
571 4381 712 4454 Scientia
734 4373 874 4450 naturali
900 4370 1041 4448 versatur
1062 4368 1161 4446 sacile
1187 4370 1349 4450 concedat
1372 4371 1497 4451 necelle
1521 4365 1578 4452 cll.

296 4595 435 4672 leones,
469 4588 667 4672 Liclrenuttt
690 4582 880 4678 praecipuae
908 4597 1015 4678 parter
1045 4545 1266 4664 illullrautet,
1305 4577 1408 4675 adjeci
1441 4579 1529 4654 baud
1561 4607 1680 4684 paueat
1713 4545 1816 4656 etita

188 4717 324 4826 quidem
349 4734 576 4820 comparatae,
609 4729 646 4784 ut
669 4705 768 4782 fimul
795 4709 924 4781 Genera
950 4733 969 4780 a
993 4730 1050 4780 nae
1078 4703 1213 4780 llabilita
1244 4701 1322 4779 inde
1345 4703 1462 4779 elarius
1488 4727 1752 4806 cognoscantur,
1784 4711 1819 4781 in

1176 4835 1207 4905 A
1235 4851 1258 4910 2
1716 4861 1818 4936 quan·
