4342 5540
482 142 491 186 i

482 439 500 486 x
652 329 1110 430 oareaarnanlyxonna.
1601 351 1700 434 463

175 511 232 612 ries
257 529 484 636 aequat-unde
506 549 573 606 tota
596 536 768 631 apothecia
787 529 882 634 supra
907 540 1053 610 omnino
1069 531 1165 634 plana
1184 531 1351 615 eradunt:
1374 540 1532 636 Recepta
1554 535 1617 611 bec
1634 563 1703 616 nte·

177 633 690 738 tamotpbofiadOpcgrapb.
716 631 982 734 denigratam
1006 644 1160 738 proxime
1182 637 1351 714 accederet
1371 643 1451 714 hacc
1475 639 1605 738 speciet.
1669 691 1671 696 -
1810 667 1815 678 ¹
1897 665 1904 672 ·

97 759 135 852 β.
161 769 203 847 0.
220 769 391 864 striguta:
423 761 525 837 crulla
550 759 768 836 determinata
793 760 976 836 tenuill‘nna
1004 757 1402 864 pallido-cinerascente3
1436 769 1619 866 eputbeciia
1641 761 1700 842 ιιι·

143 869 239 968 guilis
262 869 424 965 elongatis
447 859 605 960 confertis
625 859 1020 952 subartassomosantibua,
1047 867 1143 967 supra
1166 867 1285 966 pluuia.

120 973 249 1044 Habitat
271 973 305 1040 in
330 971 451 1040 cortice
476 961 646 1062 juglandis
670 966 858 1040 Helvetiae.
892 963 1082 1060 Selleitlrr.
1634 1035 1638 1046 .

119 1079 227 1146 Primo
251 1075 370 1143 intuitu
394 1069 434 1140 ab
457 1071 610 1170 Op‘cgr.
629 1064 868 1164 ⁴denigrata
892 1075 946 1140 vix
976 1067 1308 1165 distinguenda-nam
1336 1073 1416 1150 buic
1443 1067 1612 1144 finriliima
1641 1067 1699 1156 cll,

173 1169 228 1248 led
259 1175 438 1245 accuratius
465 1165 607 1268 inspcdla
631 1170 671 1240 ab
696 1193 733 1240 ea
753 1163 866 1240 differt
889 1165 980 1242 disco
1007 1177 1260 1268 apotlrcciorum
1291 1171 1419 1246 elev'ato
1440 1197 1501 1244 uec
1532 1171 1700 1246 canalicu-

173 1275 240 1348 lato
260 1271 348 1346 unde
368 1267 463 1369 supra
480 1275 624 1344 omnino
639 1269 755 1368 plana,
778 1293 881 1366 opaca
897 1295 962 1342 nec
975 1268 1135 1346 subnitida
1154 1281 1238 1350 utin
1257 1275 1334 1356 illa,
1361 1277 1461 1370 vario!
1480 1271 1588 1346 modo
1610 1273 1696 1348 flexa

173 1371 304 1452 ramola
318 1397 349 1449 et
370 1375 425 1446 ubi
443 1369 646 1446 confertiora
668 1373 712 1444 ibi
736 1377 844 1450 ctiam
859 1371 948 1470 quast
973 1377 1171 1467 reticulatinr
1192 1371 1480 1450 anallornolantia.

95 1527 128 1598 γ.
152 1507 192 1584 Ο.
207 1503 403 1604 syrinum:
436 1497 539 1572 crulla
565 1491 725 1568 subcffusa
747 1494 1061 1588 albo-vinserna
1093 1505 1275 1599 aputbeciia
1298 1495 1515 1599 longirrsculit
1539 1493 1694 1572 flexuolla

143 1603 383 1680 consertillnnis
403 1600 648 1676 confluentibus
670 1593 882 1671 diffortnibus
901 1602 1029 1698 rugosrs
1053 1603 1177 1702 planu·
1189 1607 1403 1679 tumentibus.
1645 1607 1651 1618 '

119 1713 247 1782 Habitat
266 1706 308 1800 ad
327 1710 484 1778 corticem
504 1707 651 1782 Quercus
671 1701 809 1778 Galliae.
841 1705 993 1793 Dufuatr.
1288 1767 1293 1776 .
1510 1781 1515 1790 ,

118 1815 168 1886 Ob
186 1811 438 1909 apotheciorurn
462 1800 589 1878 discum
611 1802 749 1877 dentum
766 1803 931 1878 elevatum
953 1807 1090 1905 planum
1112 1829 1210 1912 atque
1228 1816 1329 1884 etiam
1352 1827 1536 1882 tumentem
1559 1823 1591 1876 ct
1609 1828 1694 1875 mar·

174 1919 267 2012 ginet
305 1905 509 2006 supetbutet'n
538 1929 609 1978 nun
640 1911 736 2008 potui
769 1933 841 1982 nun
873 1929 909 1982 ιιι
941 1917 1132 1987 uarietatem
1161 1914 1449 2014 Opegrapbae
1478 1903 1693 2012 peduntae
1816 1962 1823 1974 .

200 2039 238 2088 ιο
262 2039 378 2086 onere.
803 2045 807 2052 ·
858 2050 862 2059 ·

115 2041 288 2218 npdthebia
310 2115 450 2211 plurima
465 2109 552 2185 baud
568 2109 668 2212 longa
688 2105 740 2186 sed
764 2121 808 2190 ita
828 2117 982 2214 cungella
1001 2135 1038 2189 ut
1060 2115 1163 2190 crulla
1187 2111 1256 2190 scre
1277 2109 1438 2214 dispareat
1452 2133 1484 2186 et
1506 2112 1548 2183 ab
1570 2114 1608 2181 iis
1632 2107 1693 2181 ob·

175 2219 294 2290 literata
319 2217 392 2302 fiat,
420 2239 478 2314 per
492 2236 630 2287 aetatem
646 2211 836 2310 difformia,
863 2217 954 2294 dilen
976 2247 993 2292 a
1011 2221 1214 2318 marginibus
1230 2223 1285 2293 virt
1305 2213 1552 2316 distinguendo.
1648 2286 1652 2294 ,
1673 2283 1680 2296 ,

115 2323 268 2420 Perquana
293 2315 408 2392 fiinilia
431 2321 576 2389 varietati
598 2337 712 2390 atrae
733 2323 1015 2422 Opegrapbae
1044 2319 1324 2420 denigratae,
1351 2315 1404 2395 scd
1427 2317 1597 2416 apotlrccia
1620 2313 1691 2383 bre·

171 2427 259 2496 viora
274 2419 390 2494 latiora
411 2415 540 2516 semper
554 2445 577 2490 o
602 2446 657 2492 aca
673 2445 736 2494 nec
753 2428 889 2494 nitentia
915 2447 947 2497 et
970 2419 1075 2496 discut
1103 2426 1223 2496 horum
1243 2427 1285 2498 ab
1310 2427 1407 2498 initio
1430 2445 1465 2496 ιιι
1489 2416 1692 2494 viderurca·

172 2523 362 2598 naliculatut
380 2547 462 2594 tnux
478 2447 648 2594 mauilbssc
663 2521 782 2621 planus
798 2529 909 2599 immo
929 2523 1114 2600 tunridulua
1133 2525 1256 2606 euadit.
1444 2504 1449 2519 ⁸

76 2697 126 2771 ι’.
152 2672 455 2764 OPEGRAPHA
482 2671 679 2750 tridens.
707 2698 747 2752 ae.

113 2786 155 2859 0.
174 2779 274 2854 enssa
297 2773 715 2950 subpulueraceo·lluppea
734 2771 868 2852 sordide
881 2773 1060 2866 albicante,
1088 2782 1191 2874 nigra
1209 2747 1384 2878 puntiatae
1416 2775 1597 2876 apotbceiia
1614 2763 1688 2866 litu·

170 2883 302 2980 plicibus
327 2879 541 2976 llellatitnque
561 2883 644 2951 tricu
662 2879 796 2976 pidatit,
823 2873 914 2949 disco
933 2904 1087 2954 concavo
1107 2889 1140 2953 iu
1163 2882 1279 2956 rnedio
1298 2879 1447 2956 dilatato.

114 2985 239 3058 Habitat
263 2989 299 3055 in
322 2986 444 3073 cortice
466 2985 624 3056 arborum
649 2982 802 3079 Angliae.
834 2984 972 3058 Turrita.
1511 3000 1515 3010 '
1595 3057 1598 3060 .

114 3085 220 3160 Crulla
235 3081 457 3158 arachnoidea
480 3079 638 3186 feuvquasr
660 3109 678 3155 c
697 3083 834 3181 puluere
854 3081 982 3156 iibrillie
999 3081 1222 3158 minutillimie
1237 3091 1418 3158 *intertexto
1434 3071 1620 3175 cumpollta
1637 3073 1687 3142 in·

168 3186 302 3261 terdurn
327 3213 443 3286 parurn
471 3183 641 3263 lutcsccnr.
700 3186 821 3257 tunna
841 3187 965 3256 elevata
986 3181 1184 3284 subglobosa
1204 3192 1298 3284 nigra
1322 3191 1357 3261 in
1382 3189 1449 3258 boc
1468 3181 1574 3254 thallu
1589 3176 1688 3246 obuia

166 3313 199 3366 et
226 3285 320 3392 quali
350 3313 436 3396 poro
464 3285 591 3386 pertula
606 3339 619 3378 ‚
657 3281 905 3384 sphaerularum
932 3287 1222 3361 inintnilllmarurn
1248 3287 1395 3362 lormatn
1421 3286 1572 3358 habentia
1601 3272 1690 3348 lone

166 3395 425 3494 apotheciorum
440 3393 531 3462 initia
549 3385 634 3466 lunt.
670 3391 853 3488 Aputbecia
869 3383 936 3486 ipla
949 3389 1092 3490 elliptica
1105 3397 1139 3462 in
1155 3389 1269 3464 tuedio
1286 3389 1418 3463 dilatata
1432 3404 1467 3460 ut
1481 3390 1514 3456 in
1529 3387 1649 3550 Opep
1660 3401 1687 3448 r·

167 3493 386 3579 rulvclla,
410 3497 536 3586 maiora
556 3491 705 3590 oblonga
719 3509 751 3562 et
770 3489 923 3586 elongata
940 3487 1019 3562 disci
1040 3489 1150 3564 fundo
1166 3492 1269 3592 plano
1283 3513 1380 3590 atque
1395 3493 1495 3561 etiam
1514 3489 1548 3556 in
1569 3505 1623 3553 me
1651 3483 1685 3548 io

165 3597 282 3698 paullo
300 3596 410 3668 latiori
418 3646 431 3678 ,
462 3599 578 3666 omnia
597 3591 639 3664 ad
655 3596 762 3692 apices
782 3611 943 3663 attenuata
966 3619 1091 3686 opaca,
1118 3592 1300 3693 simplicia,
1325 3599 1359 3664 in
1382 3592 1453 3665 aliia
1477 3607 1558 3660 vero
1578 3575 1684 3652 discus

164 3701 358 3774 counnutait
377 3695 572 3794 plerumque
591 3700 626 3766 in
640 3713 703 3766 tres
728 3717 840 3770 namot
855 3691 909 3766 seu
925 3691 1073 3793 cuspides
1090 3694 1297 3794 divergentet
1315 3697 1508 3794 porrigitur,
1532 3709 1566 3760 ut
1582 3687 1687 3756 hocce

164 3799 274 3876 modo
289 3797 416 3874 radiata
432 3797 571 3870 evadant
585 3792 639 3869 scu
654 3793 840 3871 tridentata.
869 3799 1064 3899 'Margines
1079 3794 1206 3900 l'crnper
1221 3799 1351 3873 elevati.

90 3923 124 4014 β.
149 3933 189 4008 0.
207 3931 380 4004 armaria:
410 3921 513 3996 crulla
530 3921 758 4020 pulverulenta
774 3921 936 3996 albicante
956 3917 1122 4012 subnulla;
1151 3929 1335 4025 'apotheciia
1350 3893 1684 4005 scabridifflongie

131 4033 357 4128 elongatitque
374 4027 468 4098 rediit
483 4022 634 4098 lleruofia
654 4017 853 4122 fiuaplicibu't
871 4045 902 4096 et
917 4019 1169 4103 subtrideutatia.

76 4217 80 4224 ι
110 4135 233 4206 Habitat
255 4123 397 4230 inserto
422 4133 572 4200 arenario
595 4127 748 4226 Angliae.
786 4129 926 4207 Turetr.

108 4242 189 4310 Cum
210 4237 302 4332 Ope
344 4233 472 4328 rapha
491 4227 668 4302 tridenti
691 4226 763 4300 satia
783 4233 941 4300 convenit
964 4247 995 4300 et
1020 4247 1155 4327 propter
1173 4229 1322 4302 habitum
1336 4224 1587 4328 apotheciorum
1605 4231 1687 4281 cou-

154 4333 298 4410 srnailenr
312 4258 375 4404 dub
394 4335 455 4404 bac
471 4325 574 4430 specie
595 4330 710 4416 retuli,
737 4335 888 4430 quamvis
903 4329 1009 4404 crulla
1022 4325 1092 4404 lere
1116 4331 1208 4406 nulla
1224 4329 1262 4406 stt
1280 4331 1335 4406 vel
1356 4313 1595 4403 tantummodo
1611 4309 1684 4408 pul·

157 4443 208 4512 eia
220 4431 393 4540 dispersus
413 4437 496 4510 binc
516 4432 603 4512 iude·
615 4458 788 4536 apparent.

1650 4695 1752 4800 9..
