4466 5536
887 413 1061 478 tectus-:ni
1734 437 1780 512 33

271 588 468 668 Cauendum
493 585 531 662 ut
545 584 664 688 species
686 587 756 664 illas
779 587 820 664 ad
840 595 998 666 [iclrenes
1018 595 1301 670 Coenotlralamos
1324 597 1522 691 reseramus,
1546 633 1688 707 quarum
1704 642 1784 714 apo·

147 693 263 764 thecia
282 693 453 766 demuma
477 691 580 762 tltallo
600 691 722 763 elevata
747 691 787 764 ad
809 692 897 764 halin
920 716 951 765 ct
970 719 1031 790 pro
1050 715 1137 792 parte
1162 697 1269 770 subtus
1296 709 1511 804 mergineque
1527 713 1616 807 quali
1634 716 1779 790 thallode

145 789 373 890 circumsepta
389 817 446 888 per
460 813 599 862 aetatem
615 791 774 876 evadunt,
802 793 939 864 nam'ad
956 801 1166 892 aporltecium
1191 796 1296 896 ipsum
1313 797 1529 878 formandum
1547 819 1711 909 margines
1728 819 1779 888 illi

145 887 259 990 spurii
281 889 525 988 discoloresque
555 896 587 960 in
611 895 705 962 initio
731 898 871 964 minime
887 892 1088 968 conducunt.
1149 897 1304 968 Lecideae
1324 925 1444 976 omnes
1468 914 1618 1006 margine
1642 920 1778 1008 aporlre·

147 998 287 1065 ciorum
303 996 458 1090 proprio,
484 995 518 1062 io
535 985 669 1062 infantia
687 997 861 1088 praecipue
876 996 1033 1078 notabili,
1061 1002 1209 1092 quamvis
1233 997 1368 1072 demum
1388 1003 1567 1100 aliquando
1586 1007 1779 1089 evanescere

147 1089 261 1180 solet,
286 1113 352 1165 tute
371 1091 626 1185 distinguuntur.
686 1091 749 1196 Sed
774 1089 933 1164 differunt
958 1087 1030 1164 satis
1054 1098 1137 1166 inter
1164 1092 1195 1164 se
1216 1099 1428 1174 Lecidearum
1451 1104 1590 1199 species,
1626 1117 1778 1209 inprims,

147 1220 233 1364 m
251 1188 1531 1385 nulnum‘rrrtrlrtlrtrtillzrrrrrrru

150 1394 261 1466 thallo
278 1393 395 1464 adusta
412 1387 554 1463 formata
572 1395 799 1486 reperiuntur,
826 1397 1083 1488 parenclrymate
1104 1324 1236 1466 limilali
1255 1326 1390 1478 telgerta3
1423 1331 1778 1510 dliaolelliliindbidiiii

152 1490 373 1566 sederalliora
398 1512 430 1563 et
455 1495 712 1588 pareuchymatc
734 1495 951 1586 compaeliori
974 1498 1029 1564 vix
1047 1489 1290 1590 subgelstinoso
1316 1494 1429 1574 sarua.
1483 1508 1617 1580 Horum
1642 1474 1778 1610 aporire:

152 1599 285 1666 ciorum
303 1596 564 1691 parencbymatis
584 1589 696 1662 indole
713 1613 745 1664 et
761 1592 877 1663 colore
895 1589 1041 1678 diverso,
1075 1598 1175 1664 varias
1202 1591 1341 1690 species,
1369 1600 1447 1672 alias
1472 1603 1653 1680 fimillimas
1675 1635 1707 1684 et
1720 1620 1777 1688 ira.

152 1695 220 1766 bitn
242 1689 386 1791 respedlu
406 1691 445 1763 ad
466 1711 570 1786 partes
588 1711 735 1764 externas
761 1687 862 1780 solas,
887 1688 984 1768 facile
1001 1690 1274 1786 confundendas,
1300 1705 1447 1798 optime,
1479 1726 1594 1804 utpote
1614 1729 1695 1784 nom
1711 1723 1776 1790 mi·

153 1820 214 1868 nus
228 1791 359 1884 laliaci,
384 1789 539 1890 dillingui
558 1787 648 1890 poue
664 1791 775 1868 didici.
1772 1798 1776 1806 ·

262 1999 392 2092 Species
406 1995 583 2092 apotheciis
600 2010 731 2064 externe
747 1995 837 2063 varie
851 1989 1006 2093 coloratis
1021 1993 1103 2080 (nee
1119 1995 1242 2091 nigris)
1260 1993 1451 2082 intrante,
1479 2007 1701 2096 parenclryma
1718 2034 1774 2090 ant

128 2119 132 2124 ·
154 2093 274 2166 domm
295 2119 456 2164 corneum
475 2091 616 2163 albicans
637 2096 721 2162 intra
741 2094 954 2187 apothecium
975 2085 1141 2182 offerunt,
1166 2116 1224 2165 ant
1240 2093 1373 2168 mollius
1397 2099 1509 2172 albutn
1525 2123 1556 2174 et
1574 2104 1668 2180 aliter
1681 2115 1774 2190 colo;

154 2213 276 2284 ntum,
301 2193 456 2280 athallo,
482 2211 517 2263 ut
534 2193 682 2280 ridetur,
704 2196 909 2290 proveniens.

259 2393 429 2564 ligabitur,
455 2393 606 2490 quamvis
625 2384 747 2476 rarius,
771 2414 832 2489 per
848 2407 1005 2478 aetatem,
1033 2415 1070 2466 ea
1084 2395 1248 2492 apothecii
1265 2419 1360 2494 pars,
1397 2420 1480 2497 quae
1504 2396 1632 2479 dil'cum
1652 2359 1773 2487 contii.

154 2513 239 2568 tuere
262 2518 292 2565 vr
318 2511 400 2566 etur.

261 2691 413 2785 Gongyli
429 2686 508 2762 nudi
523 2693 558 2760 in
575 2691 830 2781 parencbymate
846 2697 912 2786 jam
929 2716 1055 2765 corneo
1070 2688 1312 2790 subgelatinol'o
1327 2689 1461 2782 limilari
1478 2697 1663 2780 nidulantes
1678 2705 1773 2804 sonte

155 2799 218 2888 jam
241 2793 428 2866 creberrimi
454 2789 598 2890 congelli
624 2795 845 2888 parenchyma
861 2790 965 2886 ipsum
992 2796 1204 2891 compactum
1228 2819 1370 2892 opacum
1386 2794 1547 2885 reddunt;
1585 2811 1652 2897 jam
1671 2804 1772 2908 sparfi

157 2891 286 2966 ilriatim
303 2915 333 2966 et
346 2891 658 2994 perpendiculariter
675 2888 762 2988 quali
781 2887 923 2986 dispositi
940 2887 1048 2979 (nude
1070 2898 1296 2987 parenchyma
1316 2893 1651 2988 celluloso·llriatnm
1671 2937 1774 3012 appa.

157 3005 226 3082 ret)
253 2990 514 3065 subcolraerentes
542 2987 597 3064 seu
622 2991 879 3075 concatenulati‚
916 2997 1089 3088 praecipue
1114 2998 1149 3064 in
1174 2990 1338 3088 speciebus
1359 3023 1498 3094 qustum
1520 3009 1774 3097 apotheciorum

155 3097 371 3192 parencbyma
394 3091 506 3164 durius
530 3116 562 3164 et
576 3117 734 3163 corneum
755 3090 809 3164 ell.
869 3089 932 3161 Sed
957 3089 1036 3163 dura
1059 3091 1177 3179 illlraec
1195 3119 1372 3192 compages
1395 3093 1492 3169 facile
1514 3128 1617 3197 aquae
1632 3107 1719 3183 cedit
1740 3133 1773 3188 et

155 3195 296 3292 gongyli
309 3219 392 3268 mox
408 3197 441 3266 in
458 3194 513 3266 illa
528 3188 624 3265 soluti
643 3189 796 3267 evadunt.
832 3187 1058 3264 Velicularum
1073 3211 1104 3263 et
1121 3193 1324 3268 Cellularum
1338 3200 1391 3269 vix
1410 3197 1475 3270 ulle
1492 3205 1626 3300 velligia
1644 3207 1771 3296 adsunt,

262 3395 441 3490 Apotheeia
465 3384 638 3463 accelsoria
659 3387 751 3464 nulla
774 3409 912 3489 excepto
939 3390 1077 3490 pulvere
1106 3391 1412 3493 gongylomorpho
1435 3402 1472 3472 in
1500 3400 1602 3482 thallo
1622 3407 1770 3505 plurium

153 3487 328 3591 l'pecielum
349 3487 508 3590 disperso.

262 3687 432 3764 Differunt
452 3684 632 3764 Lecideeet

152 3865 170 3910 a
193 3843 223 3912 G
231 3843 466 3938 yrophoris
495 3837 586 3912 disco
612 3839 862 3932 apotlreciorum
888 3838 1059 3937 aequabili.
1096 3875 1137 3894 -
1188 3844 1232 3912 At
1255 3841 1360 3915 nihilo
1384 3860 1493 3917 tamen
1515 3850 1626 3922 minus
1647 3847 1768 3946 species

199 3939 357 4012 Lecideae
375 3959 551 4011 occurrunt
566 3938 663 4032 plicas
682 3941 716 4008 iu
732 3933 822 4009 disco
845 3939 969 4012 vetnllo
986 3935 1180 4024 offerentes,
1208 3937 1260 4012 sed
1279 3949 1432 4040 exceptio
1452 3971 1522 4018 rata
1542 3968 1573 4020 et
1596 3953 1712 4028 thallus
1731 3962 1767 4035 in

197 4043 248 4112 bis
262 4041 439 4112 crullacens
457 4040 522 4126 cll,
549 4063 627 4124 nec,
655 4056 690 4108 ut
707 4043 741 4110 in
763 4040 975 4136 Gyropboris
988 4040 1147 4116 foliaceo·
1158 4045 1428 4116 membranaceus
1443 4066 1474 4116 et
1489 4047 1657 4142 peltatus.¹
1719 4122 1725 4130 ,
1757 4095 1763 4118 .

150 4191 431 4273 incentoris,
458 4190 575 4287 quibus
590 4185 756 4260 interdurn
775 4186 867 4260 valde
883 4187 1003 4260 limiles
1024 4185 1201 4286 praesentia
1228 4195 1385 4284 marginis
1408 4196 1593 4290 apotheeii,‘
1619 4225 1636 4270 a
1660 4209 1766 4299 prima

196 4286 332 4361 infantia
350 4291 489 4385 proprii,
509 4295 543 4360 in
556 4291 743 4360 Lecanorae
757 4293 935 4384 apotlteciis
951 4292 1134 4382 junioribus
1148 4315 1330 4387 numquam
1346 4288 1549 4368 observandi.
1575 4333 1615 4354 -
1641 4304 1767 4404 Margo

196 4389 254 4460 ille
269 4386 451 4470 thallodes‚
479 4393 512 4460 in
531 4387 674 4460 Lecideis
690 4388 870 4486 aliqnando
893 4415 951 4483 per
964 4409 1100 4461 aetatem
1120 4392 1354 4486 perceptibilis,
1379 4387 1505 4489 spurius
1524 4393 1568 4465 eli
1588 4393 1644 4470 len
1663 4404 1768 4477 acces·

195 4483 319 4572 forins,
358 4493 566 4584 apotlrecinnt
592 4512 665 4560 raro
689 4487 825 4559 demum
846 4487 935 4588 quast
957 4495 1061 4586 cingit
1083 4509 1115 4561 et
1135 4512 1290 4577 coronat,
1326 4485 1380 4562 sed
1399 4490 1439 4563 ad
1458 4490 1766 4578 conformationem

195 4594 264 4684 einr
284 4595 466 4690 genuinam
487 4608 519 4663 et
539 4585 791 4689 primordialem
809 4590 897 4665 band
920 4590 1099 4676 conducit,
1132 4615 1193 4663 nee
1212 4613 1372 4691 nmquam
1392 4598 1581 4694 marginem
1601 4607 1766 4700 apothecii

1118 4691 1145 4763 F
1688 4726 1768 4800 pro.
