<?xml version="1.0" encoding="UTF-8"?>
<!DOCTYPE html PUBLIC "-//W3C//DTD XHTML 1.0 Transitional//EN"
    "http://www.w3.org/TR/xhtml1/DTD/xhtml1-transitional.dtd">
<html xmlns="http://www.w3.org/1999/xhtml" xml:lang="en" lang="en">
 <head>
  <title>
</title>
<meta http-equiv="Content-Type" content="text/html;charset=utf-8" />
  <meta name='ocr-system' content='tesseract 3.04.00' />
  <meta name='ocr-capabilities' content='ocr_page ocr_carea ocr_par ocr_line ocrx_word'/>
</head>
<body>
  <div class='ocr_page' id='page_1' title='image "./lichenographiau00achagoog_0119.png"; bbox 0 0 4398 5524; ppageno 0'>
   <div class='ocr_carea' id='block_1_1' title="bbox 435 437 1339 512">
    <p class='ocr_par' dir='ltr' id='par_1_1' title="bbox 435 437 1339 512">
     <span class='ocr_line' id='line_1_1' title="bbox 435 437 1339 512; baseline 0.001 -23"><span class='ocrx_word' id='word_1_1' title='bbox 435 437 486 512; x_wconf 74' lang='lat'>94</span> <span class='ocrx_word' id='word_1_2' title='bbox 1155 437 1339 490; x_wconf 70' lang='lat' dir='ltr'>nonnette.</span> 
     </span>
    </p>
   </div>
   <div class='ocr_carea' id='block_1_2' title="bbox 436 563 2190 818">
    <p class='ocr_par' dir='ltr' id='par_1_2' title="bbox 436 563 2190 818">
     <span class='ocr_line' id='line_1_2' title="bbox 550 563 2190 716; baseline 0.002 -30"><span class='ocrx_word' id='word_1_3' title='bbox 550 611 729 712; x_wconf 80' lang='lat' dir='ltr'>Apothecia</span> <span class='ocrx_word' id='word_1_4' title='bbox 742 616 799 684; x_wconf 84' lang='lat' dir='ltr'>uir</span> <span class='ocrx_word' id='word_1_5' title='bbox 814 607 881 684; x_wconf 89' lang='lat' dir='ltr'>ulla</span> <span class='ocrx_word' id='word_1_6' title='bbox 897 603 1069 683; x_wconf 79' lang='lat' dir='ltr'>accessoria</span> <span class='ocrx_word' id='word_1_7' title='bbox 1085 613 1119 682; x_wconf 88' lang='lat' dir='ltr'>iu</span> <span class='ocrx_word' id='word_1_8' title='bbox 1133 609 1237 685; x_wconf 89' lang='lat' dir='ltr'>thallo</span> <span class='ocrx_word' id='word_1_9' title='bbox 1249 617 1380 686; x_wconf 89' lang='lat' dir='ltr'>Borre</span> <span class='ocrx_word' id='word_1_10' title='bbox 1391 637 1456 687; x_wconf 89' lang='lat' dir='ltr'>rae</span> <span class='ocrx_word' id='word_1_11' title='bbox 1479 610 1660 716; x_wconf 79' lang='lat' dir='ltr'>specierum</span> <span class='ocrx_word' id='word_1_12' title='bbox 1675 608 1907 706; x_wconf 74' lang='lat' dir='ltr'>observantur,</span> <span class='ocrx_word' id='word_1_13' title='bbox 1933 635 2067 715; x_wconf 88' lang='lat' dir='ltr'>praeter</span> <span class='ocrx_word' id='word_1_14' title='bbox 2189 563 2190 576; x_wconf 29' lang='lat' dir='ltr'>l</span> 
     </span>
     <span class='ocr_line' id='line_1_3' title="bbox 436 710 2190 818; baseline 0 -30"><span class='ocrx_word' id='word_1_15' title='bbox 436 717 556 818; x_wconf 73' lang='lat' dir='ltr'>punsla</span> <span class='ocrx_word' id='word_1_16' title='bbox 571 716 697 788; x_wconf 79' lang='lat' dir='ltr'>elevate</span> <span class='ocrx_word' id='word_1_17' title='bbox 716 719 750 786; x_wconf 90' lang='lat' dir='ltr'>iu</span> <span class='ocrx_word' id='word_1_18' title='bbox 768 717 901 812; x_wconf 78' lang='lat' dir='ltr'>paucis,</span> <span class='ocrx_word' id='word_1_19' title='bbox 926 737 1010 812; x_wconf 86' lang='lat' dir='ltr'>quae</span> <span class='ocrx_word' id='word_1_20' title='bbox 1026 735 1097 784; x_wconf 92' lang='lat' dir='ltr'>nou</span> <span class='ocrx_word' id='word_1_21' title='bbox 1110 710 1172 784; x_wconf 85' lang='lat' dir='ltr'>nist</span> <span class='ocrx_word' id='word_1_22' title='bbox 1185 713 1379 811; x_wconf 85' lang='lat' dir='ltr'>cephaludia</span> <span class='ocrx_word' id='word_1_23' title='bbox 1399 712 1484 794; x_wconf 89' lang='lat' dir='ltr'>suut.</span> <span class='ocrx_word' id='word_1_24' title='bbox 2189 711 2190 722; x_wconf 67' lang='grc'>’</span> 
     </span>
    </p>
   </div>
   <div class='ocr_carea' id='block_1_3' title="bbox 435 881 2067 1192">
    <p class='ocr_par' dir='ltr' id='par_1_3' title="bbox 435 881 2067 1192">
     <span class='ocr_line' id='line_1_4' title="bbox 549 881 2067 988; baseline -0.001 -26"><span class='ocrx_word' id='word_1_25' title='bbox 549 888 745 988; x_wconf 84' lang='lat' dir='ltr'>Superficies</span> <span class='ocrx_word' id='word_1_26' title='bbox 763 886 853 960; x_wconf 86' lang='lat' dir='ltr'>tltalli</span> <span class='ocrx_word' id='word_1_27' title='bbox 870 886 983 983; x_wconf 81' lang='lat' dir='ltr'>glabra</span> <span class='ocrx_word' id='word_1_28' title='bbox 1006 881 1093 956; x_wconf 89' lang='lat' dir='ltr'>nuda</span> <span class='ocrx_word' id='word_1_29' title='bbox 1115 885 1168 955; x_wconf 84' lang='lat' dir='ltr'>uel</span> <span class='ocrx_word' id='word_1_30' title='bbox 1192 887 1435 982; x_wconf 86' lang='lat' dir='ltr'>pulverulenta,</span> <span class='ocrx_word' id='word_1_31' title='bbox 1468 911 1500 962; x_wconf 92' lang='lat' dir='ltr'>et</span> <span class='ocrx_word' id='word_1_32' title='bbox 1523 888 1658 961; x_wconf 74' lang='lat' dir='ltr'>laciniae</span> <span class='ocrx_word' id='word_1_33' title='bbox 1678 885 1794 960; x_wconf 77' lang='lat' dir='ltr'>sensim</span> <span class='ocrx_word' id='word_1_34' title='bbox 1818 885 2067 964; x_wconf 74' lang='lat' dir='ltr'>attenuatae&#39;se·</span> 
     </span>
     <span class='ocr_line' id='line_1_5' title="bbox 435 983 2067 1192; baseline 0.001 -132"><span class='ocrx_word' id='word_1_35' title='bbox 435 988 585 1192; x_wconf 62' lang='lat' dir='ltr'>ppppppp</span> <span class='ocrx_word' id='word_1_36' title='bbox 595 1009 719 1162; x_wconf 57' lang='lat' dir='ltr'>clllaalaue</span> <span class='ocrx_word' id='word_1_37' title='bbox 742 984 834 1062; x_wconf 88' lang='lat' dir='ltr'>suam</span> <span class='ocrx_word' id='word_1_38' title='bbox 861 983 1107 1084; x_wconf 85' lang='lat' dir='ltr'>longitudinem</span> <span class='ocrx_word' id='word_1_39' title='bbox 1131 985 1327 1086; x_wconf 85' lang='lat' dir='ltr'>plerumque</span> <span class='ocrx_word' id='word_1_40' title='bbox 1350 983 1457 1062; x_wconf 77' lang='lat' dir='ltr'>subtus</span> <span class='ocrx_word' id='word_1_41' title='bbox 1480 993 1730 1074; x_wconf 85' lang='lat' dir='ltr'>canaliculatac,</span> <span class='ocrx_word' id='word_1_42' title='bbox 1764 997 1800 1064; x_wconf 92' lang='lat' dir='ltr'>in</span> <span class='ocrx_word' id='word_1_43' title='bbox 1825 998 1974 1091; x_wconf 80' lang='lat' dir='ltr'>margine</span> <span class='ocrx_word' id='word_1_44' title='bbox 1997 986 2067 1064; x_wconf 84' lang='lat' dir='ltr'>lre·</span> 
     </span>
    </p>
   </div>
   <div class='ocr_carea' id='block_1_4' title="bbox 436 1255 2065 1662">
    <p class='ocr_par' dir='ltr' id='par_1_4' title="bbox 436 1255 2065 1662">
     <span class='ocr_line' id='line_1_6' title="bbox 545 1255 2065 1360; baseline -0.001 -22"><span class='ocrx_word' id='word_1_45' title='bbox 545 1267 657 1338; x_wconf 81' lang='lat' dir='ltr'>Genus</span> <span class='ocrx_word' id='word_1_46' title='bbox 679 1265 883 1333; x_wconf 81' lang='lat' dir='ltr'>borrcrae</span> <span class='ocrx_word' id='word_1_47' title='bbox 904 1263 1049 1332; x_wconf 82' lang='lat' dir='ltr'>maxime</span> <span class='ocrx_word' id='word_1_48' title='bbox 1077 1255 1222 1330; x_wconf 87' lang='lat' dir='ltr'>naturale</span> <span class='ocrx_word' id='word_1_49' title='bbox 1242 1255 1392 1344; x_wconf 83' lang='lat' dir='ltr'>videtur,</span> <span class='ocrx_word' id='word_1_50' title='bbox 1415 1282 1484 1333; x_wconf 88' lang='lat' dir='ltr'>tam</span> <span class='ocrx_word' id='word_1_51' title='bbox 1511 1261 1556 1332; x_wconf 94' lang='lat' dir='ltr'>ob</span> <span class='ocrx_word' id='word_1_52' title='bbox 1582 1259 1728 1334; x_wconf 89' lang='lat' dir='ltr'>sormam</span> <span class='ocrx_word' id='word_1_53' title='bbox 1756 1267 2007 1360; x_wconf 83' lang='lat' dir='ltr'>apotheciorum</span> <span class='ocrx_word' id='word_1_54' title='bbox 2028 1285 2065 1336; x_wconf 86' lang='lat' dir='ltr'>et</span> 
     </span>
     <span class='ocr_line' id='line_1_7' title="bbox 437 1357 2064 1461; baseline -0.002 -22"><span class='ocrx_word' id='word_1_55' title='bbox 437 1361 577 1440; x_wconf 88' lang='lat' dir='ltr'>modum</span> <span class='ocrx_word' id='word_1_56' title='bbox 595 1388 664 1461; x_wconf 89' lang='lat' dir='ltr'>quo</span> <span class='ocrx_word' id='word_1_57' title='bbox 680 1361 859 1458; x_wconf 86' lang='lat' dir='ltr'>affiguntur</span> <span class='ocrx_word' id='word_1_58' title='bbox 879 1358 981 1434; x_wconf 82' lang='lat' dir='ltr'>tltallo</span> <span class='ocrx_word' id='word_1_59' title='bbox 1002 1357 1219 1454; x_wconf 75' lang='lat' dir='ltr'>singularem,</span> <span class='ocrx_word' id='word_1_60' title='bbox 1244 1385 1343 1456; x_wconf 89' lang='lat' dir='ltr'>quam</span> <span class='ocrx_word' id='word_1_61' title='bbox 1363 1359 1460 1460; x_wconf 79' lang='lat' dir='ltr'>ipsius</span> <span class='ocrx_word' id='word_1_62' title='bbox 1477 1361 1568 1434; x_wconf 87' lang='lat' dir='ltr'>thalli</span> <span class='ocrx_word' id='word_1_63' title='bbox 1585 1367 1732 1434; x_wconf 89' lang='lat' dir='ltr'>babitum</span> <span class='ocrx_word' id='word_1_64' title='bbox 1747 1369 1933 1460; x_wconf 88' lang='lat' dir='ltr'>proprium,</span> <span class='ocrx_word' id='word_1_65' title='bbox 1959 1389 2064 1458; x_wconf 87' lang='lat' dir='ltr'>qnare</span> 
     </span>
     <span class='ocr_line' id='line_1_8' title="bbox 436 1454 2061 1562; baseline -0.003 -25"><span class='ocrx_word' id='word_1_66' title='bbox 436 1474 535 1538; x_wconf 89' lang='lat' dir='ltr'>etiam</span> <span class='ocrx_word' id='word_1_67' title='bbox 565 1469 676 1562; x_wconf 90' lang='lat' dir='ltr'>primo</span> <span class='ocrx_word' id='word_1_68' title='bbox 708 1459 776 1532; x_wconf 88' lang='lat' dir='ltr'>fere</span> <span class='ocrx_word' id='word_1_69' title='bbox 804 1454 955 1556; x_wconf 72' lang='lat' dir='ltr'>adspedlu</span> <span class='ocrx_word' id='word_1_70' title='bbox 986 1485 1002 1528; x_wconf 90' lang='lat' dir='ltr'>a</span> <span class='ocrx_word' id='word_1_71' title='bbox 1032 1457 1162 1554; x_wconf 82' lang='lat' dir='ltr'>reliquia</span> <span class='ocrx_word' id='word_1_72' title='bbox 1191 1461 1386 1532; x_wconf 82' lang='lat' dir='ltr'>Liclrcnibus</span> <span class='ocrx_word' id='word_1_73' title='bbox 1419 1461 1692 1534; x_wconf 82' lang='lat' dir='ltr'>Coeuotbalurnir</span> <span class='ocrx_word' id='word_1_74' title='bbox 1722 1459 1962 1556; x_wconf 74' lang='lat' dir='ltr'>dignoscuntur</span> <span class='ocrx_word' id='word_1_75' title='bbox 1988 1471 2061 1554; x_wconf 76' lang='lat' dir='ltr'>ejus</span> 
     </span>
     <span class='ocr_line' id='line_1_9' title="bbox 436 1555 2063 1662; baseline -0.006 -22"><span class='ocrx_word' id='word_1_76' title='bbox 436 1563 567 1662; x_wconf 72' lang='lat' dir='ltr'>species.</span> <span class='ocrx_word' id='word_1_77' title='bbox 621 1561 919 1640; x_wconf 88' lang='lat' dir='ltr'>Sufficiantctiam,</span> <span class='ocrx_word' id='word_1_78' title='bbox 946 1579 979 1629; x_wconf 92' lang='lat' dir='ltr'>ut</span> <span class='ocrx_word' id='word_1_79' title='bbox 1002 1555 1110 1629; x_wconf 87' lang='lat' dir='ltr'>saltem</span> <span class='ocrx_word' id='word_1_80' title='bbox 1127 1564 1269 1652; x_wconf 85' lang='lat' dir='ltr'>opinor,</span> <span class='ocrx_word' id='word_1_81' title='bbox 1303 1567 1368 1654; x_wconf 82' lang='lat' dir='ltr'>jam</span> <span class='ocrx_word' id='word_1_82' title='bbox 1392 1559 1483 1632; x_wconf 89' lang='lat' dir='ltr'>datae</span> <span class='ocrx_word' id='word_1_83' title='bbox 1507 1583 1603 1632; x_wconf 82' lang='lat' dir='ltr'>uotae</span> <span class='ocrx_word' id='word_1_84' title='bbox 1619 1565 1891 1634; x_wconf 75' lang='lat' dir='ltr'>ctraracterttttcae</span> <span class='ocrx_word' id='word_1_85' title='bbox 1909 1561 1949 1633; x_wconf 87' lang='lat' dir='ltr'>ad</span> <span class='ocrx_word' id='word_1_86' title='bbox 1967 1563 2063 1660; x_wconf 84' lang='lat' dir='ltr'>diag-</span> 
     </span>
    </p>
   </div>
   <div class='ocr_carea' id='block_1_5' title="bbox 437 1660 2191 1764">
    <p class='ocr_par' dir='ltr' id='par_1_5' title="bbox 437 1660 2191 1764">
     <span class='ocr_line' id='line_1_10' title="bbox 437 1660 2191 1764; baseline -0.002 -25"><span class='ocrx_word' id='word_1_87' title='bbox 437 1664 533 1740; x_wconf 83' lang='lat' dir='ltr'>nofin</span> <span class='ocrx_word' id='word_1_88' title='bbox 549 1669 685 1736; x_wconf 85' lang='lat' dir='ltr'>Generis</span> <span class='ocrx_word' id='word_1_89' title='bbox 707 1665 905 1756; x_wconf 85' lang='lat' dir='ltr'>plenariam,</span> <span class='ocrx_word' id='word_1_90' title='bbox 931 1681 963 1730; x_wconf 85' lang='lat' dir='ltr'>ct</span> <span class='ocrx_word' id='word_1_91' title='bbox 984 1663 1112 1755; x_wconf 82' lang='lat' dir='ltr'>quaevis</span> <span class='ocrx_word' id='word_1_92' title='bbox 1135 1660 1272 1729; x_wconf 81' lang='lat' dir='ltr'>ulterior</span> <span class='ocrx_word' id='word_1_93' title='bbox 1295 1667 1435 1755; x_wconf 86' lang='lat' dir='ltr'>partium</span> <span class='ocrx_word' id='word_1_94' title='bbox 1457 1668 1661 1757; x_wconf 77' lang='lat' dir='ltr'>corriperetio</span> <span class='ocrx_word' id='word_1_95' title='bbox 1685 1688 1763 1734; x_wconf 89' lang='lat' dir='ltr'>eum</span> <span class='ocrx_word' id='word_1_96' title='bbox 1781 1663 1931 1736; x_wconf 70' lang='lat' dir='ltr'>affinibus</span> <span class='ocrx_word' id='word_1_97' title='bbox 1952 1667 2063 1736; x_wconf 86' lang='lat' dir='ltr'>Gune·</span> <span class='ocrx_word' id='word_1_98' title='bbox 2190 1745 2191 1764; x_wconf 46' lang='lat'>,</span> 
     </span>
    </p>
   </div>
   <div class='ocr_carea' id='block_1_6' title="bbox 436 1753 1560 1861">
    <p class='ocr_par' dir='ltr' id='par_1_6' title="bbox 436 1753 1560 1861">
     <span class='ocr_line' id='line_1_11' title="bbox 436 1753 1560 1861; baseline -0.005 -23"><span class='ocrx_word' id='word_1_99' title='bbox 436 1770 536 1848; x_wconf 82' lang='lat' dir='ltr'>ribus,</span> <span class='ocrx_word' id='word_1_100' title='bbox 563 1769 603 1837; x_wconf 90' lang='lat' dir='ltr'>ab</span> <span class='ocrx_word' id='word_1_101' title='bbox 620 1786 823 1861; x_wconf 87' lang='lat' dir='ltr'>unoquoque</span> <span class='ocrx_word' id='word_1_102' title='bbox 840 1757 936 1830; x_wconf 79' lang='lat' dir='ltr'>facile</span> <span class='ocrx_word' id='word_1_103' title='bbox 952 1753 1167 1848; x_wconf 27' lang='lat' dir='ltr'>intlit&#39;ucnda,</span> <span class='ocrx_word' id='word_1_104' title='bbox 1193 1759 1265 1830; x_wconf 86' lang='lat' dir='ltr'>ltcic</span> <span class='ocrx_word' id='word_1_105' title='bbox 1278 1756 1441 1858; x_wconf 82' lang='lat' dir='ltr'>superflua</span> <span class='ocrx_word' id='word_1_106' title='bbox 1462 1759 1560 1840; x_wconf 83' lang='lat' dir='ltr'>soret.</span> 
     </span>
    </p>
   </div>
   <div class='ocr_carea' id='block_1_7' title="bbox 437 1929 2062 2240">
    <p class='ocr_par' dir='ltr' id='par_1_7' title="bbox 437 1929 2062 2240">
     <span class='ocr_line' id='line_1_12' title="bbox 548 1929 2061 2030; baseline -0.004 -18"><span class='ocrx_word' id='word_1_107' title='bbox 548 1942 685 2012; x_wconf 85' lang='lat' dir='ltr'>Nomen</span> <span class='ocrx_word' id='word_1_108' title='bbox 716 1937 835 2007; x_wconf 85' lang='lat' dir='ltr'>Generi</span> <span class='ocrx_word' id='word_1_109' title='bbox 862 1929 937 2005; x_wconf 87' lang='lat' dir='ltr'>dedi</span> <span class='ocrx_word' id='word_1_110' title='bbox 966 1935 1001 2002; x_wconf 92' lang='lat' dir='ltr'>in</span> <span class='ocrx_word' id='word_1_111' title='bbox 1024 1934 1188 2003; x_wconf 85' lang='lat' dir='ltr'>honorem</span> <span class='ocrx_word' id='word_1_112' title='bbox 1208 1929 1280 2011; x_wconf 87' lang='lat' dir='ltr'>Cel.</span> <span class='ocrx_word' id='word_1_113' title='bbox 1302 1934 1342 2007; x_wconf 88' lang='lat' dir='ltr'>D.</span> <span class='ocrx_word' id='word_1_114' title='bbox 1367 1935 1528 2008; x_wconf 84' lang='lat' dir='ltr'>Borrer.</span> <span class='ocrx_word' id='word_1_115' title='bbox 1553 1932 1671 2028; x_wconf 80' lang='lat' dir='ltr'>tngtt,</span> <span class='ocrx_word' id='word_1_116' title='bbox 1693 1935 1912 2030; x_wconf 78' lang='lat' dir='ltr'>Licbenologi</span> <span class='ocrx_word' id='word_1_117' title='bbox 1930 1941 2061 2022; x_wconf 82' lang='lat' dir='ltr'>eximii,</span> 
     </span>
     <span class='ocr_line' id='line_1_13' title="bbox 437 2027 2062 2240; baseline 0.001 -131"><span class='ocrx_word' id='word_1_118' title='bbox 437 2039 714 2240; x_wconf 48' lang='lat' dir='ltr'>gggsspffllvzlloe</span> <span class='ocrx_word' id='word_1_119' title='bbox 729 2037 782 2110; x_wconf 87' lang='lat' dir='ltr'>Cl.</span> <span class='ocrx_word' id='word_1_120' title='bbox 801 2039 935 2111; x_wconf 75' lang='lat' dir='ltr'>Datus.</span> <span class='ocrx_word' id='word_1_121' title='bbox 957 2037 1150 2117; x_wconf 88' lang='lat' dir='ltr'>Turuer,</span> <span class='ocrx_word' id='word_1_122' title='bbox 1176 2035 1211 2102; x_wconf 90' lang='lat' dir='ltr'>iu</span> <span class='ocrx_word' id='word_1_123' title='bbox 1232 2027 1465 2107; x_wconf 86' lang='lat' dir='ltr'>conscribenda</span> <span class='ocrx_word' id='word_1_124' title='bbox 1486 2037 1770 2135; x_wconf 82' lang='lat' dir='ltr'>Licbenographia</span> <span class='ocrx_word' id='word_1_125' title='bbox 1789 2041 1973 2110; x_wconf 85' lang='lat' dir='ltr'>Britannica</span> <span class='ocrx_word' id='word_1_126' title='bbox 1993 2045 2062 2132; x_wconf 80' lang='lat' dir='ltr'>jam</span> 
     </span>
    </p>
   </div>
   <div class='ocr_carea' id='block_1_8' title="bbox 437 2305 2056 2515">
    <p class='ocr_par' dir='ltr' id='par_1_8' title="bbox 437 2305 2056 2515">
     <span class='ocr_line' id='line_1_14' title="bbox 550 2305 2056 2395; baseline -0.005 -8"><span class='ocrx_word' id='word_1_127' title='bbox 550 2313 598 2388; x_wconf 84' lang='lat' dir='ltr'>ttd</span> <span class='ocrx_word' id='word_1_128' title='bbox 625 2317 689 2386; x_wconf 87' lang='lat' dir='ltr'>hoc</span> <span class='ocrx_word' id='word_1_129' title='bbox 715 2315 826 2386; x_wconf 82' lang='lat' dir='ltr'>Genua</span> <span class='ocrx_word' id='word_1_130' title='bbox 854 2305 1044 2384; x_wconf 85' lang='lat' dir='ltr'>referendae</span> <span class='ocrx_word' id='word_1_131' title='bbox 1067 2313 1332 2393; x_wconf 79' lang='lat' dir='ltr'>brcueuornrc,</span> <span class='ocrx_word' id='word_1_132' title='bbox 1365 2311 1578 2395; x_wconf 64' lang='lat' dir='ltr'>torrens,</span> <span class='ocrx_word' id='word_1_133' title='bbox 1610 2312 1830 2382; x_wconf 78' lang='lat' dir='ltr'>Puarrsnrnu</span> <span class='ocrx_word' id='word_1_134' title='bbox 1853 2311 2056 2384; x_wconf 78' lang='lat' dir='ltr'>etUsrrene</span> 
     </span>
     <span class='ocr_line' id='line_1_15' title="bbox 437 2409 1806 2515; baseline -0.007 -22"><span class='ocrx_word' id='word_1_135' title='bbox 437 2423 546 2493; x_wconf 78' lang='lat' dir='ltr'>variae</span> <span class='ocrx_word' id='word_1_136' title='bbox 560 2421 688 2515; x_wconf 80' lang='lat' dir='ltr'>Species</span> <span class='ocrx_word' id='word_1_137' title='bbox 701 2441 753 2514; x_wconf 90' lang='lat' dir='ltr'>ap.</span> <span class='ocrx_word' id='word_1_138' title='bbox 768 2409 884 2489; x_wconf 81' lang='lat' dir='ltr'>ttott</span> <span class='ocrx_word' id='word_1_139' title='bbox 888 2439 935 2489; x_wconf 90' lang='lat' dir='ltr'>m.</span> <span class='ocrx_word' id='word_1_140' title='bbox 961 2445 1004 2466; x_wconf 89' lang='lat'><em>-</em></span> <span class='ocrx_word' id='word_1_141' title='bbox 1054 2415 1274 2488; x_wconf 73' lang='lat' dir='ltr'>Pentri-:arne</span> <span class='ocrx_word' id='word_1_142' title='bbox 1295 2415 1387 2510; x_wconf 89' lang='lat' dir='ltr'>Spec.</span> <span class='ocrx_word' id='word_1_143' title='bbox 1406 2411 1555 2486; x_wconf 78' lang='lat' dir='ltr'>uehar.</span> <span class='ocrx_word' id='word_1_144' title='bbox 1581 2415 1691 2490; x_wconf 84' lang='grc'><strong>1111111.</strong></span> <span class='ocrx_word' id='word_1_145' title='bbox 1715 2413 1806 2484; x_wconf 85' lang='lat' dir='ltr'>Licb.</span> 
     </span>
    </p>
   </div>
   <div class='ocr_carea' id='block_1_9' title="bbox 901 2675 1589 2780">
    <p class='ocr_par' dir='ltr' id='par_1_9' title="bbox 901 2675 1589 2780">
     <span class='ocr_line' id='line_1_16' title="bbox 901 2675 1589 2780; baseline 0 -28"><span class='ocrx_word' id='word_1_146' title='bbox 901 2675 1216 2780; x_wconf 85' lang='lat' dir='ltr'>Explicatio</span> <span class='ocrx_word' id='word_1_147' title='bbox 1267 2679 1589 2778; x_wconf 76' lang='lat' dir='ltr'>Figuratum.</span> 
     </span>
    </p>
   </div>
   <div class='ocr_carea' id='block_1_10' title="bbox 1141 2853 1342 2928">
    <p class='ocr_par' dir='ltr' id='par_1_10' title="bbox 1141 2853 1342 2928">
     <span class='ocr_line' id='line_1_17' title="bbox 1141 2853 1342 2928; baseline -0.02 0"><span class='ocrx_word' id='word_1_148' title='bbox 1141 2853 1244 2928; x_wconf 80' lang='lat' dir='ltr'>Tab.</span> <span class='ocrx_word' id='word_1_149' title='bbox 1278 2855 1342 2925; x_wconf 86' lang='lat' dir='ltr'>lx.</span> 
     </span>
    </p>
   </div>
   <div class='ocr_carea' id='block_1_11' title="bbox 435 3019 2192 3187">
    <p class='ocr_par' dir='ltr' id='par_1_11' title="bbox 435 3019 2192 3187">
     <span class='ocr_line' id='line_1_18' title="bbox 435 3019 2192 3112; baseline -0.006 -16"><span class='ocrx_word' id='word_1_150' title='bbox 435 3035 499 3112; x_wconf 69' lang='lat' dir='ltr'>Flss·</span> <span class='ocrx_word' id='word_1_151' title='bbox 521 3043 552 3108; x_wconf 75' lang='lat'>3.</span> <span class='ocrx_word' id='word_1_152' title='bbox 593 3033 629 3092; x_wconf 75' lang='lat' dir='ltr'>A.</span> <span class='ocrx_word' id='word_1_153' title='bbox 651 3025 814 3088; x_wconf 67' lang='lat' dir='ltr'>Boream</span> <span class='ocrx_word' id='word_1_154' title='bbox 825 3023 1040 3112; x_wconf 68' lang='lat' dir='ltr'>furfuraceus</span> <span class='ocrx_word' id='word_1_155' title='bbox 1054 3027 1264 3108; x_wconf 86' lang='lat' dir='ltr'>apothecintn.</span> <span class='ocrx_word' id='word_1_156' title='bbox 1285 3043 1352 3085; x_wconf 88' lang='lat' dir='ltr'>cum</span> <span class='ocrx_word' id='word_1_157' title='bbox 1369 3035 1451 3104; x_wconf 86' lang='lat' dir='ltr'>perte</span> <span class='ocrx_word' id='word_1_158' title='bbox 1464 3019 1567 3093; x_wconf 87' lang='lat' dir='ltr'>thalli,</span> <span class='ocrx_word' id='word_1_159' title='bbox 1588 3019 1625 3082; x_wconf 84' lang='lat' dir='ltr'>acl</span> <span class='ocrx_word' id='word_1_160' title='bbox 1642 3020 1883 3102; x_wconf 82' lang='lat' dir='ltr'>perpendiculum</span> <span class='ocrx_word' id='word_1_161' title='bbox 1902 3023 2060 3096; x_wconf 61' lang='lat' dir='ltr'>tesedum,</span> <span class='ocrx_word' id='word_1_162' title='bbox 2191 3081 2192 3098; x_wconf 63' lang='grc'>,</span> 
     </span>
     <span class='ocr_line' id='line_1_19' title="bbox 671 3103 2192 3187; baseline 0 -21"><span class='ocrx_word' id='word_1_163' title='bbox 671 3105 867 3178; x_wconf 76' lang='lat' dir='ltr'>cyctbisorme</span> <span class='ocrx_word' id='word_1_164' title='bbox 886 3104 1096 3187; x_wconf 88' lang='lat' dir='ltr'>podirellatum</span> <span class='ocrx_word' id='word_1_165' title='bbox 1117 3105 1216 3166; x_wconf 82' lang='lat' dir='ltr'>subrue</span> <span class='ocrx_word' id='word_1_166' title='bbox 1234 3103 1362 3168; x_wconf 87' lang='lat' dir='ltr'>liberum</span> <span class='ocrx_word' id='word_1_167' title='bbox 1381 3108 1412 3164; x_wconf 88' lang='grc'>111</span> <span class='ocrx_word' id='word_1_168' title='bbox 1425 3105 1539 3164; x_wconf 86' lang='lat' dir='ltr'>ambian</span> <span class='ocrx_word' id='word_1_169' title='bbox 1552 3105 1712 3173; x_wconf 84' lang='lat' dir='ltr'>inflexum,</span> <span class='ocrx_word' id='word_1_170' title='bbox 1742 3103 1944 3181; x_wconf 76' lang='lat' dir='ltr'>magnitudine</span> <span class='ocrx_word' id='word_1_171' title='bbox 1958 3107 2059 3172; x_wconf 60' lang='lat' dir='ltr'>auae.</span> <span class='ocrx_word' id='word_1_172' title='bbox 2191 3113 2192 3138; x_wconf 64' lang='lat'>¹</span> 
     </span>
    </p>
   </div>
   <div class='ocr_carea' id='block_1_12' title="bbox 434 3209 2057 4732">
    <p class='ocr_par' dir='ltr' id='par_1_12' title="bbox 434 3209 2057 4732">
     <span class='ocr_line' id='line_1_20' title="bbox 642 3209 1318 3276; baseline 0.004 -4"><span class='ocrx_word' id='word_1_173' title='bbox 642 3230 708 3275; x_wconf 86' lang='lat' dir='ltr'>a.a.</span> <span class='ocrx_word' id='word_1_174' title='bbox 731 3213 851 3272; x_wconf 84' lang='lat' dir='ltr'>Lamina</span> <span class='ocrx_word' id='word_1_175' title='bbox 867 3209 1017 3272; x_wconf 86' lang='lat' dir='ltr'>discoidea</span> <span class='ocrx_word' id='word_1_176' title='bbox 1029 3209 1162 3272; x_wconf 82' lang='lat' dir='ltr'>colorata</span> <span class='ocrx_word' id='word_1_177' title='bbox 1180 3229 1318 3276; x_wconf 83' lang='lat' dir='ltr'>concaua.</span> 
     </span>
     <span class='ocr_line' id='line_1_21' title="bbox 638 3310 1889 3394; baseline 0 -18"><span class='ocrx_word' id='word_1_178' title='bbox 638 3316 669 3377; x_wconf 89' lang='lat' dir='ltr'>b.</span> <span class='ocrx_word' id='word_1_179' title='bbox 680 3316 710 3376; x_wconf 90' lang='lat' dir='ltr'>b.</span> <span class='ocrx_word' id='word_1_180' title='bbox 734 3319 838 3392; x_wconf 83' lang='lat' dir='ltr'>Margo</span> <span class='ocrx_word' id='word_1_181' title='bbox 854 3313 997 3376; x_wconf 84' lang='lat' dir='ltr'>thalluder</span> <span class='ocrx_word' id='word_1_182' title='bbox 1014 3335 1071 3376; x_wconf 87' lang='lat' dir='ltr'>uua</span> <span class='ocrx_word' id='word_1_183' title='bbox 1092 3335 1159 3376; x_wconf 88' lang='lat' dir='ltr'>cum</span> <span class='ocrx_word' id='word_1_184' title='bbox 1174 3313 1301 3384; x_wconf 90' lang='lat' dir='ltr'>lamina,</span> <span class='ocrx_word' id='word_1_185' title='bbox 1320 3332 1408 3394; x_wconf 87' lang='lat' dir='ltr'>quam</span> <span class='ocrx_word' id='word_1_186' title='bbox 1425 3310 1559 3394; x_wconf 80' lang='lat' dir='ltr'>strpernt,</span> <span class='ocrx_word' id='word_1_187' title='bbox 1582 3313 1613 3371; x_wconf 90' lang='lat' dir='ltr'>iu</span> <span class='ocrx_word' id='word_1_188' title='bbox 1625 3310 1738 3372; x_wconf 85' lang='lat' dir='ltr'>ambitu</span> <span class='ocrx_word' id='word_1_189' title='bbox 1753 3315 1889 3380; x_wconf 82' lang='lat' dir='ltr'>inflexua.</span> 
     </span>
     <span class='ocr_line' id='line_1_22' title="bbox 643 3415 1483 3504; baseline -0.005 -24"><span class='ocrx_word' id='word_1_190' title='bbox 643 3439 669 3481; x_wconf 90' lang='lat' dir='ltr'>c.</span> <span class='ocrx_word' id='word_1_191' title='bbox 690 3421 764 3480; x_wconf 78' lang='lat' dir='ltr'>Balio</span> <span class='ocrx_word' id='word_1_192' title='bbox 786 3421 934 3502; x_wconf 88' lang='lat' dir='ltr'>apotherii</span> <span class='ocrx_word' id='word_1_193' title='bbox 954 3423 1099 3480; x_wconf 71' lang='lat' dir='ltr'>coartiatu</span> <span class='ocrx_word' id='word_1_194' title='bbox 1117 3417 1299 3504; x_wconf 88' lang='lat' dir='ltr'>podicellnm</span> <span class='ocrx_word' id='word_1_195' title='bbox 1315 3415 1483 3478; x_wconf 77' lang='lat' dir='ltr'>efformem.</span> 
     </span>
     <span class='ocr_line' id='line_1_23' title="bbox 642 3518 1820 3603; baseline 0.001 -21"><span class='ocrx_word' id='word_1_196' title='bbox 642 3523 673 3589; x_wconf 81' lang='lat' dir='ltr'>d.</span> <span class='ocrx_word' id='word_1_197' title='bbox 693 3523 853 3584; x_wconf 83' lang='lat' dir='ltr'>Substantia</span> <span class='ocrx_word' id='word_1_198' title='bbox 869 3522 1019 3585; x_wconf 77' lang='lat' dir='ltr'>corticella</span> <span class='ocrx_word' id='word_1_199' title='bbox 1036 3522 1138 3602; x_wconf 87' lang='lat' dir='ltr'>supera</span> <span class='ocrx_word' id='word_1_200' title='bbox 1156 3521 1259 3594; x_wconf 82' lang='lat' dir='ltr'>thalli,</span> <span class='ocrx_word' id='word_1_201' title='bbox 1281 3522 1470 3603; x_wconf 85' lang='lat' dir='ltr'>apothecium</span> <span class='ocrx_word' id='word_1_202' title='bbox 1485 3523 1576 3582; x_wconf 83' lang='lat' dir='ltr'>etiam</span> <span class='ocrx_word' id='word_1_203' title='bbox 1594 3518 1696 3581; x_wconf 81' lang='lat' dir='ltr'>subtus</span> <span class='ocrx_word' id='word_1_204' title='bbox 1709 3533 1820 3597; x_wconf 72' lang='lat' dir='ltr'>tegent.</span> 
     </span>
     <span class='ocr_line' id='line_1_24' title="bbox 642 3620 1699 3708; baseline 0.004 -22"><span class='ocrx_word' id='word_1_205' title='bbox 642 3647 670 3688; x_wconf 86' lang='lat' dir='ltr'>c.</span> <span class='ocrx_word' id='word_1_206' title='bbox 692 3627 852 3688; x_wconf 74' lang='lat' dir='ltr'>Substantia</span> <span class='ocrx_word' id='word_1_207' title='bbox 870 3625 1041 3688; x_wconf 70' lang='lat' dir='ltr'>medullari·</span> <span class='ocrx_word' id='word_1_208' title='bbox 1061 3625 1158 3698; x_wconf 87' lang='lat' dir='ltr'>thalli,</span> <span class='ocrx_word' id='word_1_209' title='bbox 1178 3628 1364 3708; x_wconf 82' lang='lat' dir='ltr'>apotheeium</span> <span class='ocrx_word' id='word_1_210' title='bbox 1381 3623 1463 3686; x_wconf 87' lang='lat' dir='ltr'>timul</span> <span class='ocrx_word' id='word_1_211' title='bbox 1480 3629 1557 3686; x_wconf 82' lang='lat' dir='ltr'>intua</span> <span class='ocrx_word' id='word_1_212' title='bbox 1574 3620 1699 3705; x_wconf 80' lang='lat' dir='ltr'>replum.</span> 
     </span>
     <span class='ocr_line' id='line_1_25' title="bbox 641 3727 1689 3813; baseline -0.004 -20"><span class='ocrx_word' id='word_1_213' title='bbox 641 3731 665 3796; x_wconf 92' lang='lat' dir='ltr'>s.</span> <span class='ocrx_word' id='word_1_214' title='bbox 685 3733 845 3794; x_wconf 76' lang='lat' dir='ltr'>Substantia</span> <span class='ocrx_word' id='word_1_215' title='bbox 863 3730 1012 3794; x_wconf 75' lang='lat' dir='ltr'>corticella</span> <span class='ocrx_word' id='word_1_216' title='bbox 1027 3735 1057 3792; x_wconf 91' lang='lat' dir='ltr'>in</span> <span class='ocrx_word' id='word_1_217' title='bbox 1073 3729 1156 3794; x_wconf 84' lang='lat' dir='ltr'>thalli</span> <span class='ocrx_word' id='word_1_218' title='bbox 1172 3735 1275 3813; x_wconf 76' lang='lat' dir='ltr'>pagina</span> <span class='ocrx_word' id='word_1_219' title='bbox 1291 3729 1428 3792; x_wconf 85' lang='lat' dir='ltr'>inferiori</span> <span class='ocrx_word' id='word_1_220' title='bbox 1443 3727 1533 3790; x_wconf 87' lang='lat' dir='ltr'>aliter</span> <span class='ocrx_word' id='word_1_221' title='bbox 1546 3727 1689 3796; x_wconf 85' lang='lat' dir='ltr'>colorata.</span> 
     </span>
     <span class='ocr_line' id='line_1_26' title="bbox 600 3831 2057 3918; baseline 0 -20"><span class='ocrx_word' id='word_1_222' title='bbox 600 3843 622 3901; x_wconf 84' lang='grc' dir='ltr'><strong>Β</strong></span> <span class='ocrx_word' id='word_1_223' title='bbox 656 3835 800 3899; x_wconf 84' lang='lat' dir='ltr'>Particula</span> <span class='ocrx_word' id='word_1_224' title='bbox 826 3836 951 3898; x_wconf 85' lang='lat' dir='ltr'>laminae</span> <span class='ocrx_word' id='word_1_225' title='bbox 969 3831 1136 3897; x_wconf 74' lang='lat' dir='ltr'>discoidcae</span> <span class='ocrx_word' id='word_1_226' title='bbox 1160 3839 1246 3912; x_wconf 86' lang='lat' dir='ltr'>hujtra</span> <span class='ocrx_word' id='word_1_227' title='bbox 1261 3837 1427 3916; x_wconf 86' lang='lat' dir='ltr'>apothecii,</span> <span class='ocrx_word' id='word_1_228' title='bbox 1457 3837 1532 3896; x_wconf 92' lang='lat' dir='ltr'>intra</span> <span class='ocrx_word' id='word_1_229' title='bbox 1551 3837 1633 3908; x_wconf 80' lang='lat' dir='ltr'>ctrina</span> <span class='ocrx_word' id='word_1_230' title='bbox 1654 3833 1838 3899; x_wconf 78' lang='lat' dir='ltr'>sttostantianr</span> <span class='ocrx_word' id='word_1_231' title='bbox 1861 3837 2057 3918; x_wconf 69' lang='lat' dir='ltr'>subgelutine.</span> 
     </span>
     <span class='ocr_line' id='line_1_27' title="bbox 639 3913 1771 3999; baseline 0 -19"><span class='ocrx_word' id='word_1_232' title='bbox 639 3917 699 3980; x_wconf 87' lang='lat' dir='ltr'>satu</span> <span class='ocrx_word' id='word_1_233' title='bbox 716 3916 835 3996; x_wconf 68' lang='lat' dir='ltr'>gongntt</span> <span class='ocrx_word' id='word_1_234' title='bbox 852 3917 1015 3980; x_wconf 86' lang='lat' dir='ltr'>nidulantct</span> <span class='ocrx_word' id='word_1_235' title='bbox 1032 3918 1124 3986; x_wconf 88' lang='lat' dir='ltr'>nudi,</span> <span class='ocrx_word' id='word_1_236' title='bbox 1145 3935 1228 3999; x_wconf 86' lang='lat' dir='ltr'>purte</span> <span class='ocrx_word' id='word_1_237' title='bbox 1242 3921 1305 3992; x_wconf 77' lang='lat' dir='ltr'>eine</span> <span class='ocrx_word' id='word_1_238' title='bbox 1325 3914 1471 3994; x_wconf 85' lang='lat' dir='ltr'>superiori</span> <span class='ocrx_word' id='word_1_239' title='bbox 1486 3913 1641 3976; x_wconf 76' lang='lat' dir='ltr'>saturatiua</span> <span class='ocrx_word' id='word_1_240' title='bbox 1657 3917 1771 3982; x_wconf 68' lang='lat' dir='ltr'>tiubia..</span> 
     </span>
     <span class='ocr_line' id='line_1_28' title="bbox 436 4042 2055 4190; baseline 0 -75"><span class='ocrx_word' id='word_1_241' title='bbox 436 4053 499 4130; x_wconf 68' lang='lat' dir='ltr'>big.</span> <span class='ocrx_word' id='word_1_242' title='bbox 522 4065 552 4129; x_wconf 74' lang='grc'>4.</span> <span class='ocrx_word' id='word_1_243' title='bbox 593 4053 627 4112; x_wconf 86' lang='grc' dir='ltr'>Α.</span> <span class='ocrx_word' id='word_1_244' title='bbox 649 4052 843 4190; x_wconf 42' lang='lat' dir='ltr'>Borperae·</span> <span class='ocrx_word' id='word_1_245' title='bbox 859 4042 1030 4142; x_wconf 51' lang='lat' dir='ltr'>&#39;ifrnllae</span> <span class='ocrx_word' id='word_1_246' title='bbox 1048 4049 1253 4130; x_wconf 86' lang='lat' dir='ltr'>apotbecium,</span> <span class='ocrx_word' id='word_1_247' title='bbox 1280 4043 1407 4109; x_wconf 66' lang='lat' dir='ltr'>sediuue</span> <span class='ocrx_word' id='word_1_248' title='bbox 1430 4042 1684 4130; x_wconf 82' lang='lat' dir='ltr'>perpendiculari,</span> <span class='ocrx_word' id='word_1_249' title='bbox 1704 4045 1907 4124; x_wconf 76' lang='lat' dir='ltr'>magnitudine</span> <span class='ocrx_word' id='word_1_250' title='bbox 1921 4047 2014 4132; x_wconf 86' lang='lat' dir='ltr'>duplo</span> <span class='ocrx_word' id='word_1_251' title='bbox 2033 4053 2055 4120; x_wconf 91' lang='lat' dir='ltr'>l.</span> 
     </span>
     <span class='ocr_line' id='line_1_29' title="bbox 673 4145 903 4210; baseline 0 -20"><span class='ocrx_word' id='word_1_252' title='bbox 673 4145 763 4210; x_wconf 88' lang='lat' dir='ltr'>trrpo</span> <span class='ocrx_word' id='word_1_253' title='bbox 787 4148 903 4204; x_wconf 72' lang='lat' dir='ltr'>maron.</span> 
     </span>
     <span class='ocr_line' id='line_1_30' title="bbox 600 4228 2055 4314; baseline 0.003 -18"><span class='ocrx_word' id='word_1_254' title='bbox 600 4237 632 4296; x_wconf 84' lang='grc'>11.</span> <span class='ocrx_word' id='word_1_255' title='bbox 654 4237 793 4294; x_wconf 73' lang='lat' dir='ltr'>laminae</span> <span class='ocrx_word' id='word_1_256' title='bbox 807 4231 975 4292; x_wconf 88' lang='lat' dir='ltr'>discoirlcae</span> <span class='ocrx_word' id='word_1_257' title='bbox 989 4228 1075 4292; x_wconf 82' lang='lat' dir='ltr'>ualde</span> <span class='ocrx_word' id='word_1_258' title='bbox 1095 4231 1198 4293; x_wconf 72' lang='lat' dir='ltr'>eume</span> <span class='ocrx_word' id='word_1_259' title='bbox 1215 4251 1282 4313; x_wconf 90' lang='lat' dir='ltr'>para</span> <span class='ocrx_word' id='word_1_260' title='bbox 1304 4229 1436 4306; x_wconf 77' lang='lat' dir='ltr'>ejusdem</span> <span class='ocrx_word' id='word_1_261' title='bbox 1456 4231 1625 4313; x_wconf 87' lang='lat' dir='ltr'>apothecii,</span> <span class='ocrx_word' id='word_1_262' title='bbox 1652 4235 1736 4306; x_wconf 85' lang='lat' dir='ltr'>eujua</span> <span class='ocrx_word' id='word_1_263' title='bbox 1758 4233 1953 4314; x_wconf 74' lang='lat' dir='ltr'>percoctum·</span> <span class='ocrx_word' id='word_1_264' title='bbox 1969 4251 2002 4298; x_wconf 90' lang='lat' dir='ltr'>ut</span> <span class='ocrx_word' id='word_1_265' title='bbox 2024 4240 2055 4302; x_wconf 85' lang='lat' dir='ltr'>ie</span> 
     </span>
     <span class='ocr_line' id='line_1_31' title="bbox 640 4310 1273 4376; baseline -0.005 0"><span class='ocrx_word' id='word_1_266' title='bbox 640 4316 803 4376; x_wconf 79' lang='lat' dir='ltr'>liuttere</span> <span class='ocrx_word' id='word_1_267' title='bbox 822 4311 1051 4374; x_wconf 87' lang='lat' dir='ltr'>sursurceea</span> <span class='ocrx_word' id='word_1_268' title='bbox 1073 4310 1201 4372; x_wconf 82' lang='lat' dir='ltr'>similare</span> <span class='ocrx_word' id='word_1_269' title='bbox 1222 4315 1273 4373; x_wconf 86' lang='lat' dir='ltr'>ett.</span> 
     </span>
     <span class='ocr_line' id='line_1_32' title="bbox 434 4435 1746 4525; baseline -0.005 -18"><span class='ocrx_word' id='word_1_270' title='bbox 434 4445 498 4525; x_wconf 59' lang='lat' dir='ltr'>liis.</span> <span class='ocrx_word' id='word_1_271' title='bbox 520 4453 552 4520; x_wconf 80' lang='grc'>5.</span> <span class='ocrx_word' id='word_1_272' title='bbox 592 4442 757 4506; x_wconf 80' lang='lat' dir='ltr'>Borrerne</span> <span class='ocrx_word' id='word_1_273' title='bbox 768 4435 912 4524; x_wconf 80' lang='lat' dir='ltr'>cupetfia</span> <span class='ocrx_word' id='word_1_274' title='bbox 925 4439 1132 4520; x_wconf 72' lang='lat' dir='ltr'>apothetium,</span> <span class='ocrx_word' id='word_1_275' title='bbox 1152 4452 1187 4499; x_wconf 90' lang='lat' dir='ltr'>ut</span> <span class='ocrx_word' id='word_1_276' title='bbox 1202 4440 1232 4498; x_wconf 89' lang='grc'>111</span> <span class='ocrx_word' id='word_1_277' title='bbox 1246 4439 1321 4514; x_wconf 63' lang='lat' dir='ltr'>lim</span> <span class='ocrx_word' id='word_1_278' title='bbox 1339 4449 1368 4496; x_wconf 85' lang='lat' dir='ltr'>et</span> <span class='ocrx_word' id='word_1_279' title='bbox 1379 4453 1409 4516; x_wconf 83' lang='lat'>4.</span> <span class='ocrx_word' id='word_1_280' title='bbox 1422 4442 1458 4504; x_wconf 80' lang='lat' dir='ltr'>A.</span> <span class='ocrx_word' id='word_1_281' title='bbox 1475 4435 1639 4504; x_wconf 75' lang='lat' dir='ltr'>diffeuun.</span> <span class='ocrx_word' id='word_1_282' title='bbox 1661 4457 1702 4508; x_wconf 85' lang='lat' dir='ltr'>ot.</span> <span class='ocrx_word' id='word_1_283' title='bbox 1717 4457 1746 4505; x_wconf 87' lang='lat' dir='ltr'>a.</span> 
     </span>
     <span class='ocr_line' id='line_1_33' title="bbox 640 4538 1320 4622; baseline -0.013 -14"><span class='ocrx_word' id='word_1_284' title='bbox 640 4545 782 4608; x_wconf 58' lang='lat' dir='ltr'>ahod.</span> <span class='ocrx_word' id='word_1_285' title='bbox 805 4561 839 4606; x_wconf 91' lang='lat' dir='ltr'>ut</span> <span class='ocrx_word' id='word_1_286' title='bbox 856 4547 887 4606; x_wconf 86' lang='lat' dir='ltr'>itt</span> <span class='ocrx_word' id='word_1_287' title='bbox 908 4547 994 4620; x_wconf 50' lang='grc'><strong>613.</strong></span> <span class='ocrx_word' id='word_1_288' title='bbox 1011 4547 1045 4602; x_wconf 81' lang='grc' dir='ltr'>Α.</span> <span class='ocrx_word' id='word_1_289' title='bbox 1064 4538 1227 4622; x_wconf 76' lang='lat' dir='ltr'>explicatae</span> <span class='ocrx_word' id='word_1_290' title='bbox 1248 4540 1320 4600; x_wconf 89' lang='lat' dir='ltr'>sunt.</span> 
     </span>
     <span class='ocr_line' id='line_1_34' title="bbox 637 4642 1401 4732; baseline -0.016 -18"><span class='ocrx_word' id='word_1_291' title='bbox 637 4669 704 4716; x_wconf 65' lang='grc'>11.</span> <span class='ocrx_word' id='word_1_292' title='bbox 725 4647 802 4716; x_wconf 88' lang='lat' dir='ltr'>Cilia</span> <span class='ocrx_word' id='word_1_293' title='bbox 818 4647 992 4728; x_wconf 77' lang='lat' dir='ltr'>marginalia</span> <span class='ocrx_word' id='word_1_294' title='bbox 1005 4647 1154 4732; x_wconf 83' lang='lat' dir='ltr'>apotbcrii</span> <span class='ocrx_word' id='word_1_295' title='bbox 1174 4648 1204 4706; x_wconf 91' lang='lat' dir='ltr'>in</span> <span class='ocrx_word' id='word_1_296' title='bbox 1224 4647 1276 4706; x_wconf 86' lang='lat' dir='ltr'>bac</span> <span class='ocrx_word' id='word_1_297' title='bbox 1295 4642 1401 4726; x_wconf 87' lang='lat' dir='ltr'>specie.</span> 
     </span>
    </p>
   </div>
   <div class='ocr_carea' id='block_1_13' title="bbox 0 0 2204 5524">
    <p class='ocr_par' dir='ltr' id='par_1_13' title="bbox 0 0 2204 5524">
     <span class='ocr_line' id='line_1_35' title="bbox 0 0 2204 5524; baseline 0 0"><span class='ocrx_word' id='word_1_298' title='bbox 0 0 2204 5524; x_wconf 95' lang='lat' dir='ltr'> </span> 
     </span>
    </p>
   </div>
  </div>
 </body>
</html>
