4398 5524
419 418 465 494 68
1103 385 1369 478 vnrtotnnffi·
1443 509 1446 516 ⁴

327 601 331 608 ’
423 607 505 680 reeta
527 625 559 680 et
578 603 813 707 circumsepta,
840 611 874 680 in
895 603 965 678 riiie
993 597 1102 690 versut
1124 597 1290 698 superiora
1315 604 1528 678 verrucarum
1552 601 1739 704 quaerentia
1756 625 1787 679 et
1804 623 1932 680 rentum
1951 606 2052 684 sirete
2190 637 2191 702 p

422 712 511 780 tenui
536 707 726 782 substantiae
755 708 927 794 drebodio,
958 724 1012 777 rut
1040 731 1111 777 non
1135 703 1193 778 uisi
1216 705 1352 806 puivete
1376 711 1563 808 cohaerenti
1586 705 1674 806 quasi
1705 705 1808 780 velate
1821 735 1833 801 3
1870 707 2052 809 aliquando

422 811 522 879 etiertr
544 804 634 881 senio
650 829 797 906 correpte
817 803 921 882 serrtre
936 805 1036 880 nude.
1090 811 1128 879 in
1148 806 1226 879 ssrtu
1247 803 1332 880 liceo
1351 803 1445 894 dure,
1472 803 1739 905 subcrrtileginea
1755 807 1819 894 esi,
1844 813 1959 886 colore
1976 811 2052 907 plut

423 913 534 981 minus
553 910 725 984 ssreicante
741 929 774 980 et
793 906 905 994 solvo,
932 909 1118 982 humectata
1138 905 1300 1006 pellucido
1327 910 1461 1000 hyalina
1480 905 1590 980 erodit
1606 907 1741 1007 ¹ctqttee
1760 909 1896 984 Cesluiie
1917 911 2055 1008 lougiu·

422 1003 518 1082 scolis
540 1013 653 1082 eree‘iie
676 1009 874 1108 siipetiffinre
897 1004 1072 1108 adpressit,
1099 1031 1200 1106 prout
1225 1015 1260 1080 in
1292 1005 1377 1085 savit
1401 1035 1522 1110 aputu,
1556 1003 1611 1082 sed
1635 1007 1843 1100 cysindrieie,
1876 1011 2056 1100 tubulofit‚
2190 1013 2191 1028 ¹

423 1105 545 1208 duplici
560 1113 749 1185 membrana
764 1113 877 1184 cinctis
896 1115 951 1200 (ut
971 1115 1005 1180 in
1021 1113 1074 1180 Po
1085 1113 1147 1180 rin
1158 1115 1187 1180 is
1203 1105 1383 1199 vesiculae)
1400 1122 1465 1182 tote
1486 1108 1557 1184 sere
1574 1108 1757 1207 composrte
1773 1133 1915 1210 eppcret.
1950 1113 2053 1189 Nuda

425 1215 568 1284 omnino
588 1211 712 1284 lentina
733 1211 779 1284 est
800 1235 831 1284 et
854 1213 948 1284 nulio
972 1213 1153 1308 peritbecio
1178 1209 1228 1281 uei
1248 1212 1388 1282 cuticula
1407 1209 1580 1308 singulari,
1621 1232 1780 1308 quatenus
1796 1237 1861 1310 ego
1878 1209 2054 1300 observare

422 1317 538 1408 potui,
563 1309 686 1386 indute.
745 1317 825 1386 Non
849 1321 882 1404 in
909 1316 1038 1408 quovit,
1055 1306 1229 1400 indiuidpo
1252 1316 1399 1404 samiera,
1411 1316 1528 1404 haecce
1538 1309 1721 1410 detegitur,
1760 1319 1963 1386 nantcarius
1989 1318 2053 1389 ob·

423 1418 511 1484 veuit
527 1432 558 1482 ct
572 1417 605 1484 in
622 1413 817 1514 quibusdem
834 1407 997 1510 speciebus
1013 1409 1120 1484 edlruc
1135 1409 1249 1493 stusira
1267 1410 1422 1508 quaesivi.
1483 1409 1546 1484 Sed
1565 1437 1616 1495 ‚ex
1642 1419 1711 1507 ejus
1730 1415 1915 1502 existentia,
1946 1419 2053 1514 pluri.

333 1540 335 1549 ·
423 1511 483 1584 bus
499 1509 780 1586 observationibus
796 1515 1009 1600 confirmate,
1036 1531 1138 1608 putet,
1165 1509 1256 1611 quod
1279 1511 1552 1586 Verioleriae
1571 1537 1645 1586 non
1669 1533 1705 1586 ut
1725 1518 1815 1586 initia
1837 1515 1979 1589 eliorunr
1997 1521 2054 1590 Li·

422 1615 567 1686 ebenum
594 1613 657 1689 sint
675 1609 898 1711 reputandae,
931 1615 984 1686 vel
1001 1635 1036 1685 ut
1059 1608 1182 1710 species
1203 1614 1443 1709 incompleta,
1476 1634 1508 1687 at
1523 1620 1701 1716 proprium
1717 1633 1750 1690 et
1770 1612 2051 1696 distinetiffinrunr

423 1717 536 1789 Gener
559 1721 644 1790 inter
661 1720 818 1790 Liebener
839 1713 1124 1790 Coenotbeletnot
1140 1714 1335 1788 constituere
1351 1713 1499 1788 debeant.

536 1935 673 2012 Sotedie
689 1943 724 2010 in
740 1940 807 2012 hoc
823 1944 952 2014 Genere
966 1936 1235 2042 frequentissime.
1261 1937 1315 2012 vel
1332 1943 1378 2010 uti
1397 1938 1657 2037 Apotheciotutn
1671 1939 1766 2014 initio
1787 1941 1839 2014 ees
1857 1961 1893 2016 ut
1907 1964 2051 2044 recepta.

423 2039 497 2114 cula
515 2043 672 2118 Lenrinee
689 2037 830 2112 inclusae
845 2046 1030 2140 proligeree
1046 2038 1303 2126 considerandae
1330 2065 1408 2111 netn
1433 2065 1508 2111 tero
1524 2035 1652 2112 sotedie
1675 2042 1768 2114 usiter
1785 2039 1994 2118 consortneta
2012 2072 2052 2118 ee

422 2137 512 2240 ipsae
527 2165 681 2212 verrucae
697 2148 946 2236 apotheeiorntn
964 2151 998 2216 in
1020 2171 1083 2214 une
1100 2141 1280 2238 eademque
1302 2137 1406 2238 speeie
1425 2167 1458 2211 re
1484 2145 1641 2216 criuntur.
1700 2139 1835 2214 Soredie
1857 2143 1992 2242 quidem
2012 2151 2049 2220 in

424 2242 573 2322 aliorum,
587 2243 759 2316 Generum
774 2247 949 2338 Speciebus
965 2241 1079 2328 itidem
1098 2263 1297 2326 occurrunt,
1324 2167 1535 2314 renuntiatio
1558 2239 1635 2312 inde
1661 2241 1929 2335 concluderetur,
1956 2245 2050 2345 quod

422 2347 549 2416 ethroe
566 2347 702 2434 Lernine
720 2340 861 2442 quedem
880 2345 1045 2442 proligera
1065 2341 1335 2443 providerentur3
1368 2341 1456 2440 epud
1482 2343 1678 2444 Varioluriet
1701 2339 1786 2443 ipses
1808 2349 1899 2420 enim
1917 2341 2049 2421 soredia

425 2441 640 2518 observentur
657 2445 707 2517 ecl
724 2450 888 2542 genuine,
913 2448 1074 2520 lerninetrr
1091 2445 1218 2516 nullent
1237 2469 1395 2542 umquem
1415 2439 1578 2528 foventia,
1600 2461 1697 2540 etque
1713 2451 1984 2522 etiam-verrucae
1999 2443 2051 2524 so·

423 2539 645 2630 redisornree‚
673 2539 793 2618 sciiicet
822 2541 949 2617 soredia
970 2567 1138 2646 gerentes,
1177 2569 1260 2642 quae
1282 2542 1380 2616 simul
1401 2547 1448 2616 uti
1477 2569 1551 2616 rere
1573 2547 1744 2642 apothecia
1770 2545 2049 2640 confiderendue,

423 2664 540 2748 utpote
553 2647 727 2718 Lerninartt
744 2646 947 2746 prosigerent
964 2654 1050 2720 intus
1066 2641 1284 2746 prosecentur.

535 2876 687 2973 Gongyli
703 2881 787 2946 intre
801 2876 956 2946 Lerninee
974 2863 1179 2941 substantiam
1192 2884 1247 2940 ent
1263 2862 1446 2940 nidulentet
1462 2863 1543 2939 nudi
1559 2886 1616 2940 tut
1630 2875 1713 2942 intrn
1729 2875 1919 2946 interiorem
1938 2900 2049 2950 mem.

424 2974 597 3050 brenulenr
614 2975 803 3047 cellularum
821 2973 915 3046 simul
932 2972 1040 3054 obvii,
1068 2993 1138 3040 non
1158 2966 1243 3040 adeo
1259 2963 1446 3066 frequentes
1464 2965 1537 3041 surtt
1559 2991 1594 3041 ut
1611 2975 1644 3042 in
1664 2971 1734 3044 aliie
1755 2973 1916 3072 plerisque
1932 2980 2051 3050 sitire-

423 3103 507 3151 truru
523 3082 720 3176 apothecis,
747 3072 800 3148 sed
818 3080 917 3146 terius
938 3067 1045 3170 sparsi.
1108 3069 1214 3142 Pulvis
1236 3073 1269 3139 in
1293 3067 1438 3141 Sorediis
1461 3089 1493 3142 et
1515 3069 1558 3142 ed
1582 3074 1695 3145 Thasii
1721 3071 1924 3172 superficient
1945 3074 2048 3150 estio.

424 3174 552 3251 tescent
570 3175 715 3270 ejusdem
733 3173 863 3248 sortrtne
885 3195 917 3245 et
931 3193 1064 3244 naturae
1085 3197 1161 3242 eunt
1181 3170 1339 3268 gongylir
1363 3167 1494 3243 inclufie
1516 3171 1577 3258 ess,
1604 3193 1635 3244 et
1656 3169 1753 3247 sturili
1775 3173 1882 3250 modo
1904 3173 1944 3250 ad
1966 3201 2047 3278 pto·

424 3286 637 3379 pagetiouenr
656 3274 772 3377 speciei
788 3273 975 3350 conducere
993 3273 1128 3348 videtur.
1255 3300 1262 3312 ’

536 3503 587 3592 Ab
601 3500 754 3574 affinibus
771 3503 900 3596 optime
923 3492 1112 3566 distinctum
1132 3491 1175 3564 esi
1196 3495 1308 3566 Genus
1324 3494 1547 3581 Verioleriee‚
1572 3495 1696 3570 semine
1715 3500 1880 3597 proligerp
1897 3497 1987 3574 nuda
2011 3508 2049 3580 in
2190 3523 2191 3536 ¹

422 3607 567 3686 vettoeie
594 3607 734 3699 propriis
758 3595 904 3678 incluse.
936 3593 1139 3691 Cesiusieque
1161 3592 1317 3668 tubuiofir
1341 3595 1495 3670 instruile
1515 3624 1553 3670 ec
1573 3597 1779 3696 composta,
1803 3627 1954 3674 necnon
1977 3629 2049 3678 ver.
2104 3635 2109 3646 ·

424 3701 603 3800 rucir,ips'rr
622 3703 712 3776 nulia
728 3703 920 3792 prenrbrrnn
938 3697 1083 3768 colorata
1100 3699 1318 3792 iretetogeoea
1333 3700 1442 3784 tetris,
1469 3719 1504 3770 ut
1526 3705 1559 3770 in
1578 3703 1623 3770 Sa
1633 3699 1794 3798 gediie,
1825 3727 1932 3800 neque
1954 3710 2046 3802 potio

423 3803 558 3905 pettusrs
576 3823 609 3876 ut
626 3809 659 3874 iu
678 3807 869 3896 socieris,
895 3823 1002 3893 oeque
1024 3801 1140 3894 apertis
1165 3819 1195 3867 et
1216 3795 1441 3870 titulatniifetit
1461 3821 1495 3872 ut
1515 3804 1548 3870 in
1569 3803 1808 3893 Pyrenuiis
1829 3825 1860 3877 et
1884 3805 2045 3878 Tueto-

423 3926 613 3980 ttemrte.
674 3909 763 3974 Curu
788 3901 1122 3998 reliquieLicirenutn
1145 3899 1346 3985 (iconibus,
1378 3909 1521 3999 quoium
1546 3902 1681 3973 crucient
1708 3901 1758 3972 vel
1782 3906 2045 3980 Peritbeeioob·
2190 3981 2191 3990 ,

424 4007 557 4092 duone,
584 4003 637 4078 vel
653 4007 790 4081 Lumina
810 4001 974 4100 ptoiigerrt
989 3997 1076 4070 nude
1092 4019 1124 4070 et
1140 4019 1250 4094 operte
1271 4019 1382 4071 meoet
1397 4021 1483 4074 certe
1497 4027 1570 4076 nou
1591 3997 1754 4078 confundi
1777 3999 1911 4103 poss'uttt
1926 4009 2046 4084 vario·

421 4107 543 4201 leriae,
565 4132 651 4209 quae
664 4101 798 4202 insuper
816 4103 925 4176 habitu
942 4106 1081 4200 proprio
1097 4096 1194 4174 feciie
1210 4095 1461 4198 dignoscuntur.

532 4335 670 4406 Nomen
687 4281 827 4420 (iuberi,
854 4323 1035 4396 aVrrrioiie
1051 4318 1257 4412 desumunt,
1285 4319 1441 4423 imposuit
1471 4329 1598 4424 primur
1620 4321 1765 4400 Celebrit
1787 4324 1975 4404 Persoon
2000 4333 2047 4404 ob

420 4430 671 4510 similitudinem
698 4425 916 4499 Sorcdiurum
939 4445 971 4497 et
997 4429 1219 4500 verrucarum
1241 4429 1497 4524 epotbeeiorum
1519 4422 1566 4500 set
1585 4431 1840 4504 convenientem
1855 4451 1935 4506 enm
1947 4427 2049 4508 eruo·

421 4533 586 4612 nescentiit
609 4533 752 4608 eoteneit
776 4527 988 4605 cartularum.

1977 4739 2048 4814 Sub
2190 4685 2191 4760 i
