4466 5536
810 863 1100 946 ernust.

599 1066 1298 1170 SPILOMA.

755 1295 1151 1326 *aa

674 1429 928 1553 'eharaner
965 1482 1195 1556 Naturalis.

142 1634 389 1703 llrorrtrcrurt
407 1620 566 1698 difforme
587 1619 860 1701 subtotuudatum
874 1633 1145 1728 immerginatum
1166 1629 1333 1706 tumidum
1356 1631 1461 1706 thallo
1486 1627 1646 1704 adortum
1661 1633 1761 1728 eique

232 1723 499 1802 lubimmersum
521 1721 728 1818 sabaudum,
755 1756 774 1802 c
796 1725 895 1802 malla
921 1732 1114 1828 pulveracea
1136 1740 1221 1806 intus
1241 1734 1294 1808 vel
1315 1753 1407 1806 erttuc
1427 1734 1647 1832 compelliori
1664 1753 1761 1802 com·

244 1828 410 1930 politum,
436 1825 635 1904 coloratum.

244 1959 389 2052 Gongyli
404 1972 511 2025 totum
529 1955 741 2050 apotheciutu
758 1950 934 2029 efficienter
950 1954 1032 2030 nudi
1049 1963 1217 2058 aggregati
1234 1960 1410 2056 compalli.

141 2081 311 2154 Tutunus
334 2077 514 2150 crullaceua
530 2073 709 2150 uniformia
726 2074 866 2164 effusus,
893 2085 998 2155 tenuia
1017 2088 1192 2181 contiguus
1210 2079 1427 2158 solidul'culus
1442 2101 1474 2156 et
1489 2075 1756 2154 submtmlrtaua·

246 2203 317 2252 eeur
332 2177 386 2252 vel
398 2173 546 2277 leptol'ut
563 2196 594 2252 et
610 2175 867 2256 rimofiusculm.
1712 2218 1714 2224 ¹

730 2523 1153 2608 Observationes.

140 2675 278 2844 Huius
302 2677 440 2750 Generit
462 2678 645 2773 llpothecia
672 2693 738 2748 tota
764 2703 782 2747 e
805 2675 940 2775 pulvere
960 2679 1168 2774 prolilicante
1201 2675 1381 2776 composita
1409 2671 1538 2749 suntet
1563 2691 1632 2766 quo
1660 2685 1753 2738 corn·

242 2777 381 2873 pailiori
406 2800 446 2848 eo
468 2773 643 2862 solidiora,
676 2779 796 2874 absque
816 2781 1074 2874 perenchynrate
1100 2775 1361 2878 subgulatinol'03
1393 2774 1447 2849 led
1469 2769 1661 2844 humiditate
1680 2784 1751 2836 tota

139 2871 297 2947 lubllrntir
315 2877 503 2970 pulvefacta
520 2879 629 2949 evadit
645 2898 676 2948 et
698 2879 890 2977 plerumque
912 2885 946 2949 itr
966 2881 1136 2974 pulverem
1162 2877 1350 2955 resolvitur.
1404 2873 1541 2950 Soredia
1559 2877 1591 2942 in
1608 2867 1678 2938 aliis
1697 2866 1751 2934 Li·

140 2979 273 3048 rhenum
298 2979 477 3048 Generibua
502 2985 705 3048 occurrentia
729 2976 908 3074 aliquando
932 2977 1126 3066 clitorium,
1159 2976 1212 3050 sed
1240 3001 1352 3052 natura
1371 2973 1424 3049 lua
1440 2979 1480 3048 ab
1499 2977 1548 3044 hie
1570 2975 1749 3064 utiquere·

140 3072 246 3147 cedunt
261 3098 291 3148 et
310 3083 418 3172 potius
435 3082 480 3147 uti
501 3078 716 3174 Receptacula
731 3076 874 3174 partialia
892 3077 1091 3149 confiderari
1107 3101 1293 3152 merentur:
1328 3105 1406 3150 nam
1427 3095 1553 3174 praeter
1571 3064 1661 3165 quod
1689 3087 1748 3134 co·

140 3176 231 3247 lorrta
252 3177 323 3249 lunt
339 3179 394 3265 (tr.
414 3203 443 3254 e.
459 3175 525 3249 alio
541 3181 656 3250 colore
673 3203 772 3277 quam
790 3178 892 3248 crulla
906 3176 1078 3268 decorata>
1102 3186 1199 3252 etiam
1219 3177 1330 3251 forma
1346 3201 1377 3250 et
1398 3171 1599 3271 expansione
1617 3162 1748 3238 subeffi·

140 3297 239 3374 gurata
259 3279 296 3348 ab
318 3280 369 3347 bie
393 3275 659 3372 distinguuntur,
685 3304 785 3375 quare
808 3282 906 3348 etiam
930 3275 1049 3376 species
1066 3305 1182 3351 omnes
1204 3283 1315 3352 habitu
1336 3282 1474 3379 proptio
1493 3279 1534 3345 ab
1550 3271 1620 3342 aliis
1635 3267 1747 3338 omni·¹

140 3379 188 3447 bur
201 3374 295 3449 facile
320 3373 559 3476 dignoscuntur
574 3401 604 3450 et
620 3375 676 3449 sub
692 3377 846 3474 lingulati
864 3381 993 3450 Genere
1014 3407 1066 3451 eae
1080 3379 1319 3477 comprehendi
1346 3375 1438 3478 polle
1458 3378 1572 3448 omnia
1596 3363 1742 3444 suadent.

141 3483 304 3574 ltpotlrecia
328 3483 408 3550 haer
427 3477 529 3550 tlrallo
547 3479 675 3550 iollrata
695 3499 727 3550 et
743 3475 954 3576 superficialia
970 3480 1019 3552 vel
1034 3479 1142 3554 eidem
1160 3509 1222 3579 pro
1244 3503 1332 3580 parte
1350 3473 1503 3552 immersa
1518 3467 1746 3553 observantur,

139 3585 302 3664 tumentia,
337 3575 429 3676 supra
458 3579 546 3651 nuda
576 3607 638 3651 nec
661 3579 725 3651 ullu
744 3581 974 3653 membranula
999 3587 1131 3679 propria
1155 3585 1255 3668 tecla,
1282 3577 1336 3652 led
1361 3581 1496 3680 pulvere
1516 3573 1569 3646 vel
1593 3567 1744 3644 flocculit

134 3681 313 3776 polrerrcea
336 3701 502 3778 cooperta.
567 3685 676 3752 Etiam
707 3675 817 3751 forma
844 3675 898 3751 sua
924 3683 1141 3780 utplurimum
1165 3683 1335 3780 irregulari
1364 3704 1394 3753 et
1415 3673 1596 3750 divetlitatc
1618 3667 1744 3744 coloria

135 3783 276 3853 notabilia
294 3776 379 3857 sunt.
430 3777 480 3851 Ad
500 3777 748 3854 fimilitudinem
767 3786 1069 3854 Arthoniarum
1089 3807 1193 3881 prope
1213 3783 1376 3855 interdum
1397 3777 1555 3852 accedunt
1578 3767 1742 3871 quaedam

135 3876 260 3976 specior,
294 3907 352 3978 per
375 3901 532 3964 aetatem,
574 3877 685 3980 quoad
712 3877 916 3954 subllantiam
946 3887 1127 3978 apothecii,
1168 3904 1310 3956 mutatae
1334 3905 1430 3981 atque
1454 3885 1540 3950 intur
1567 3869 1740 3946 solidiores

135 3977 242 4072 laetae,
270 3976 322 4052 led
340 3984 402 4054 hae
418 3979 624 4080 superficiem
644 3986 895 4076 apotheciotom
920 3981 1045 4056 nudam
1064 4011 1102 4056 ac
1123 3985 1348 4080 pulveraream
1371 3977 1539 4063 offerunt,
1563 3999 1624 4044 nec
1643 3963 1740 4066 supra

134 4085 360 4180 nrtilaginerm
381 4108 442 4156 nec
465 4079 536 4155 lere
553 4108 713 4182 umquam
737 4087 865 4180 nigram
886 4103 920 4155 ut
942 4082 1030 4181 apud
1059 4087 1258 4171 Armenias,
1290 4110 1430 4182 quarum
1452 4077 1622 4178 apothecla
1645 4089 1739 4140 extu!

133 4179 250 4254 duriora
274 4179 368 4268 sunt,
408 4189 577 4256 uecintuu
601 4184 800 4281 pulveracea.
870 4189 1139 4282 oteprartis
1167 4183 1295 4284 oppido
1318 4181 1478 4256 differunt
1501 4175 1739 4274 Spllomalt

130 4281 291 4377 praesentia
311 4310 426 4356 earum
447 4292 608 4380 partium,
646 4309 767 4384 quaer
794 4285 896 4356 thallo
918 4284 1075 4358 llrutflura
1097 4285 1203 4360 aliena
1227 4285 1344 4358 colore
1366 4305 1398 4356 et
1419 4279 1530 4354 lorma
1560 4270 1739 4361 recedunt,

130 4403 211 4480 atque
228 4384 305 4456 ideo
321 4411 383 4483 pro
400 4387 579 4481 apotheciir
602 4386 653 4456 vel
672 4389 935 4482 Apotlreciorum
959 4382 1073 4460 saltem
1096 4389 1244 4484 analogio
1264 4384 1442 4462 habendae.
1502 4381 1636 4454 Totum
1657 4395 1738 4468 apo·

130 4489 257 4557 theciour
280 4489 316 4558 in
343 4487 493 4580 plurimis
518 4487 769 4582 Spilomatie
793 4481 956 4584 speciebus
979 4487 1100 4563 eodem
1124 4487 1229 4561 modo
1253 4508 1483 4586 comparatum
1508 4507 1546 4552 ac
1570 4471 1675 4548 discus
1700 4475 1736 4540 io

131 4587 308 4668 Caliciia.
334 4583 714 4665 Trielrodermatia
731 4583 958 4663 Perloonii
973 4589 1087 4665 affines
1102 4584 1537 4690 videnturaliquaelperier‚
1558 4574 1737 4748 sedppcbffi
