4382 5518
535 445 539 452 ’
672 409 901 530 ὀεκοκνεκ
919 449 1114 530 ¹Clarlonia.
1331 507 1333 512 .
1644 484 1711 558 545

201 654 388 754 pollicetur,
428 648 597 748 pollicaria
631 653 683 726 vel
716 653 829 752 paullo
860 653 960 743 ultra,
996 682 1037 730 ex
1068 657 1135 729 hoc
1169 657 1274 732 tirello
1306 653 1496 757 composito
1530 655 1709 758 exsurgunt

195 763 309 856 primo
336 748 461 824 sursum
487 777 602 845 parurn
631 773 793 828 attenuata
823 777 859 830 ut
884 761 918 828 in
949 762 1191 847 Cenonryce
1219 779 1427 844 cornuta,
1462 754 1522 832 sed
1550 764 1708 834 molliora
1756 753 1760 765 ¹

192 883 232 928 ex
261 861 315 928 vix
342 847 522 925 ventricola
547 857 612 926 buc
636 853 713 946 illuc
733 853 825 928 'llexa
848 877 886 929 et
912 879 1063 942 curvata,
1089 867 1262 932 terminata
1289 855 1418 958 scypho
1441 866 1572 933 minuto
1599 865 1708 953 cylin-

193 957 287 1028 drico
318 960 468 1047 margine
498 959 630 1050 integro
664 955 882 1051 utplurimum
904 961 1075 1030 cuarslato
1107 983 1171 1030 nec
1202 960 1263 1032 nist
1290 980 1515 1058 peractarum
1542 964 1706 1060 paulisper

192 1057 300 1130 latiori
322 1052 416 1129 sulco
441 1051 591 1126 colorato
620 1059 740 1154 absque
763 1062 942 1151 apotheciie
969 1057 1137 1130 dislinclir.
1188 1065 1247 1133 Per
1269 1079 1408 1134 aetatem
1432 1060 1551 1147 illbaee
1575 1060 1706 1156 podetia

193 1158 346 1252 longiora
367 1152 547 1245 cylindrica
569 1157 614 1226 ob
639 1155 814 1228 mollitiem
842 1161 933 1227 vario
962 1158 1068 1238 modo
1091 1159 1175 1231 slexa
1201 1163 1251 1234 rel
1277 1156 1478 1258 scypltisera‚
1505 1156 1704 1256 scyphorum
1839 1165 1842 1176 ’

194 1261 343 1354 margine
375 1255 487 1351 paullo
522 1255 678 1350 ampliori
709 1255 888 1354 aliquando
929 1254 1148 1341 subdentem,
1190 1259 1342 1332 dentibus
1370 1263 1539 1358 apotbecic
1575 1267 1705 1336 minute

191 1354 407 1452 sulco-nigra
433 1349 673 1452 proferentibus
707 1357 759 1428 vel
790 1353 970 1450 saepiffinre
991 1360 1032 1431 ab
1056 1365 1149 1454 apice
1173 1360 1338 1434 lateratim
1362 1380 1395 1433 et
1425 1357 1591 1459 profunde
1624 1358 1704 1448 silla,

191 1485 254 1534 nec
279 1481 438 1554 umquam
459 1452 615 1551 prolisera
643 1473 676 1525 et
699 1458 802 1527 hocce
830 1456 936 1530 modo
960 1477 995 1530 ut
1018 1463 1053 1530 in
1075 1465 1231 1556 omnibus
1254 1457 1324 1532 sere
1346 1459 1417 1530 aliie
1440 1455 1605 1556 speciebus
1622 1487 1704 1537 cou·
1770 1449 1773 1470 ¹

192 1559 366 1659 generibus
389 1549 536 1639 ramosa,
563 1555 788 1652 pulverulenta
812 1557 993 1658 aliquando
1020 1559 1252 1634 subverrueosa
1274 1562 1380 1634 rhollo
1408 1560 1600 1650 concolora.

129 1713 213 1786 Non
251 1711 342 1804 potui
379 1731 449 1778 nou
479 1723 514 1775 ut
540 1699 679 1801 speciem
715 1713 882 1802 propriam
910 1735 929 1779 a
958 1711 1203 1799 Cenomyce
1238 1729 1421 1782 cornuta
1451 1713 1505 1782 cui
1545 1718 1698 1809 proxime
1820 1791 1822 1802 ,

194 1808 323 1881 videtur
350 1805 548 1901 distinguere
576 1807 620 1876 ob
650 1809 795 1904 habitum
822 1829 853 1878 et
880 1807 1022 1880 modum
1055 1801 1219 1884 crescendi
1253 1805 1437 1896 diuersum,
1473 1811 1519 1882 ob
1550 1831 1700 1887 naturam

192 1907 406 2010 podetiorum
432 1928 464 1976 et
489 1905 639 1974 colorem
667 1905 756 1976 tballi
772 1901 1001 1984 differentem.
1065 1905 1197 1982 Podetia
1220 1931 1256 1982 ut
1277 1917 1312 1982 in
1343 1917 1589 2004 Cenotnyce
1615 1915 1701 2012 pul·

191 2013 351 2088 vinata,
378 2031 435 2100 per
461 1999 509 2084 se,
535 2025 636 2076 aetate
661 2003 783 2088 fitutia,
808 2027 840 2078 et
866 2013 901 2080 in
924 2009 1033 2107 ploret
1059 2009 1193 2084 lacinias
1218 2009 1358 2085 linearce
1379 2017 1514 2112 partita,
1547 2016 1585 2088 in
1610 2015 1702 2090 nulla

189 2108 253 2182 alia
280 2101 403 2206 specie.
428 2108 510 2176 mibi
534 2106 652 2188 obvia.
679 2099 746 2180 visa
768 2103 854 2180 sunt.

72 2348 137 2425 18.
168 2328 432 2413 CENOMYCE
459 2342 661 2408 cornute.

124 2471 172 2562 CL
190 2481 281 2557 thalli
304 2479 422 2554 lobulis
446 2485 580 2552 mirrutie
600 2479 797 2568 imbricatis,
822 2449 1147 2578 purletiitelongatit
1164 2478 1603 2574 cylindrum-ventriculis
1623 2513 1699 2562 acu·
1833 2503 1836 2508 “
1921 2575 1924 2594 Ι

187 2589 319 2656 minatis
342 2579 599 2679 scyphiscrisque
620 2577 758 2652 dentum
784 2572 973 2652 subdivisit:
999 2575 1131 2680 scyphis
1156 2580 1349 2675 cylindrict't
1372 2581 1587 2688 subintegtir3
1615 2614 1696 2692 apo.

190 2689 304 2757 theciie
330 2687 465 2755 minutio
487 2677 595 2755 fuscis.
689 2704 694 2716 ·
787 2673 794 2702 ¹
1038 2721 1045 2734 .

117 2815 327 2901 Baeomyces
345 2810 512 2914 cornutus.
567 2806 683 2880 Arbae.
709 2807 812 2880 Mart.
834 2807 922 2880 Liri.
944 2825 1063 2900 μω.
1176 2865 1184 2875 .

118 2941 247 3010 Liehcu
268 2953 436 3008 cornutus.
491 2927 589 3006 Lino.
620 2937 655 3008 S.
681 2929 729 3004 Ν.
756 2963 798 2985 ·-
824 2928 943 3010 Arbor.
970 2931 1159 3028 liebertogr.
1184 2933 1272 3008 Suet.
1296 2931 1419 3008 Prorsr.
1442 2959 1482 3030 p.
1496 2957 1559 3024 ¹92.

120 3069 173 3139 Ic.
214 3063 334 3170 Diilm.
358 3057 444 3150 Htst.
465 3057 568 3151 Musc.
599 3057 729 3144 Tab.r5.
743 3057 840 3150 s.r4.

116 3188 260 3266 Habitat
276 3180 318 3254 ed
344 3203 464 3254 terram
486 3175 582 3278 supro
611 3175 683 3252 saxa
713 3185 748 3252 in
777 3173 878 3271 sylvia
903 3183 1076 3278 Europae.¹

51 3357 55 3368 ·
114 3308 268 3386 Thallus
291 3308 477 3378 imbricatae
505 3307 671 3378 elaeiuiir
703 3301 1045 3392 rotundato-lobaria,
1076 3297 1198 3376 lobulie
1222 3299 1396 3394 interdurn
1425 3308 1605 3401 majoribut
1635 3303 1693 3382 scel

185 3409 382 3508 plerumque
405 3409 539 3478 minutis
564 3401 670 3476 incisu
691 3411 839 3478 crenatie.
900 3403 1033 3478 l'odetia
1059 3402 1171 3478 multis
1198 3401 1309 3474 modie
1335 3410 1479 3491 varient,
1510 3413 1577 3500 jam
1598 3413 1692 3484 euim

185 3504 394 3605 longissima,
430 3512 495 3596 jam
527 3505 657 3590 brevia,
691 3501 779 3575 nuda
805 3503 1050 3600 pulverulento,
1082 3505 1184 3576 rarius
1216 3497 1355 3600 squamis
1388 3501 1535 3586 soliaceie
1565 3507 1689 3585 conde·

185 3629 317 3694 corate,
342 3605 520 3703 simplicia,
545 3629 620 3677 raro
648 3600 809 3676 subdivisa
842 3600 896 3676 seu
921 3631 1016 3679 ramo
1037 3629 1107 3677 uno
1133 3601 1281 3675 alterove
1308 3605 1483 3692 instruile,
1516 3603 1576 3679 sed·
1594 3635 1692 3683 num.

184 3735 286 3810 quam
312 3702 552 3783 lacero-fissilia
577 3725 613 3777 ut
634 3708 669 3776 in
692 3709 937 3796 Cenomyce
957 3705 1197 3806 pulvinata,
1222 3698 1351 3802 semper
1371 3725 1502 3796 autem,
1534 3716 1688 3808 exceptio

183 3807 360 3894 rarissima,
385 3807 458 3904 plus
482 3811 593 3878 minue
624 3800 824 3888 ventricola,
855 3829 921 3904 qua
944 3825 1024 3879 nota
1053 3829 1078 3878 o
1104 3808 1184 3876 time
1211 3827 1231 3874 a
1255 3809 1502 3897 Cenum-pce
1527 3807 1688 3883 radiata

185 3931 221 3983 et
251 3911 509 4000 Cenomycia
541 3901 798 3998 ecmosynae
832 3907 1035 3978 varietatibut
1070 3831 1301 3999 tlilliuguitur‚
1348 3911 1395 3978 uti
1423 3913 1523 3980 etiam
1552 3935 1569 3980 a
1595 3913 1688 3982 othe·

179 4015 240 4085 ciis
273 4015 309 4082 in
334 4013 498 4103 ,margine
513 4001 714 4102 scyphorum
740 4010 875 4078 minutia
899 4003 1055 4080 sell'rlibur
1081 4025 1113 4079 et
1144 4001 1303 4079 ratissimo
1327 4029 1347 4079 a
1375 4011 1528 4105 margine,
1555 3935 1689 4082 elevatio

178 4131 279 4211 atque
303 4103 430 4207 scyphis
458 4113 511 4180 vix
538 4131 696 4204 umquem
719 4103 897 4206 prosilerit.

110 4242 316 4337 Praecipuae
336 4238 430 4328 bujot
451 4229 717 4304 modificationes
737 4235 821 4303 mibi
845 4251 947 4305 notae
969 4225 1045 4304 sunt
1062 4226 1250 4330 sequenter:

76 4419 124 4469 oe.
156 4394 200 4464 C.
221 4385 399 4464 ernnust
427 4377 566 4480 podetiit
588 4379 700 4480 longit
720 4378 919 4478 simplicibus
942 4377 1226 4460 subsilisormibue.

108 4511 259 4594 Podetia
278 4502 508 4604 simplicissima
535 4509 590 4583 vix
620 4499 801 4578 ventricola
825 4507 897 4578 alba
917 4503 1147 4580 cinerescentia
1174 4503 1401 4603 pulverulenta
1425 4503 1540 4608 paffim
1562 4517 1687 4586 acumi.

178 4631 258 4688 ueta
278 4607 414 4695 sterilia
437 4601 596 4682 sertiliunt
616 4601 733 4706 scyphi
748 4631 788 4682 ex
802 4611 982 4708 apotheciie
999 4595 1233 4706 marginalibus
1255 4603 1347 4708 quast
1362 4603 1685 4688 susco·denticulati.
1822 4613 1827 4620 '
1856 4589 1861 4602 ⁸

949 4757 1058 4828 naeu
1575 4748 1618 4837 Β.
1642 4763 1682 4836 C.
