4398 5524
430 426 512 520 ¹58,
1059 398 1219 488 {carnea
1250 409 1420 490 Catillaria'

478 613 621 686 Parvum
646 606 815 705 exemplar
835 607 1032 682 lichenis
1066 606 1238 708 gibbosi
1264 607 1310 683 sni
1333 637 1408 684 cnm
1434 613 1500 686 Do.
1529 616 1558 701 J.
1582 613 1763 686 Harriman
1783 622 2049 694 communicavit

538 707 609 808 ipse
632 705 806 794 nielson,
847 707 1004 808 qnodque
1032 735 1096 808 ego
1123 709 1188 782 vidi
1212 731 1243 783 et
1271 718 1375 810 reperi
1402 707 1464 784 elle
1499 709 1721 786 Lecideaan
1744 721 2049 794 ccclrnrnenanr

539 807 696 882 vetullarn
716 811 769 882 vel
789 815 857 902 ejna
877 813 1064 882 varietatem
1081 815 1404 910 atbroocarpatn
1422 832 1525 885 aetate
1544 834 1714 888 mutatam.

478 963 740 1048 verrucaria
762 953 1018 1032 falciculam
1039 955 1172 1032 Hoffm.
1191 959 1238 1032 Fl.
1258 961 1370 1040 Germ.
1394 985 1425 1036 1.
1448 989 1479 1058 p.
1496 987 1504 1034 ι
1515 985 1575 1050 90.
1596 990 1640 1036 an
1658 962 1928 1039 nollriLicbenia
1946 962 2052 1059 syan-

468 1095 472 1108 ·
540 1084 675 1153 nynaon
692 1061 744 1132 vel
761 1063 896 1132 varietas
919 1061 971 1134 vel
986 1065 1120 1160 propria
1139 1056 1258 1156 sperica
1280 1061 1378 1160 plane
1396 1066 1532 1159 ignoro.

451 1228 495 1319 β.
522 1239 563 1308 L.
579 1235 806 1326 atlroompa:
831 1231 935 1304 crulla
954 1231 1165 1305 determinata
1191 1231 1538 1308 areolam-verrucosa
1556 1235 1669 1334 glabra
1692 1232 1945 1328 sulco-lurida
1971 1263 2054 1338 apo·

504 1339 617 1406 tlaeciis
634 1330 794 1404 immerlls
812 1333 916 1430 plania
933 1333 1115 1406 tenuissime
1133 1339 1337 1428 marginatis.

479 1458 618 1533 lecidea
635 1461 862 1553 atbroocarpa.
902 1456 1025 1534 Aclnr.
1046 1460 1148 1530 Mera.
1169 1453 1258 1532 Liria.
1281 1486 1318 1553 p.
1328 1484 1376 1547 41.

479 1589 673 1656 verrucaria
687 1576 888 1656 fusco-am.
929 1583 1048 1678 Hrffm.
1068 1585 1120 1655 Fl.
1136 1585 1246 1656 Germ.
1265 1609 1301 1676 p.
1311 1601 1369 1662 181.
1385 1599 1416 1656 et
1433 1584 1486 1662 Pl.
1506 1586 1593 1664 liele.
1611 1608 1645 1674 3.
1658 1611 1680 1658 ι.
1700 1611 1735 1680 p.
1746 1611 1783 1656 rr.

478 1709 604 1782 Lichan
616 1710 851 1805 atbroocarpus
865 1723 896 1778 et
915 1710 951 1782 L.
970 1701 1141 1804 scytropua
1159 1708 1280 1781 Arlar.
1298 1710 1383 1783 Lici.
1400 1713 1454 1784 Sn.
1473 1687 1598 1783 Pion.
1621 1735 1659 1804 p.
1667 1731 1715 1794 77.
1732 1732 1779 1798 79.

480 1835 604 1907 Lichan
619 1827 817 1903 lusco-ater.
852 1833 961 1922 Wnlf.
979 1857 1033 1924 ap.
1053 1834 1153 1928 Jeep.
1184 1829 1304 1908 Colla.
1335 1869 1340 1876 ·

480 1965 525 2032 lc.
568 1957 687 2051 Hoffm.
703 1957 814 2028 Plant.
836 1955 917 2028 Lici.
949 1959 987 2028 T.
995 1977 1052 2042 54.
1070 1957 1137 2047 fir.
1171 1989 1213 2007 -
1264 1959 1466 2053 Jeepcoll.
1487 1958 1549 2034 lc.
1584 1961 1679 2045 214.
1693 1959 1768 2051 fd·

481 2083 615 2155 Habitat
627 2083 667 2152 ab
686 2075 756 2152 laxa
771 2085 805 2150 in
825 2080 992 2151 montibus
1008 2083 1158 2166 sveciae,
1183 2083 1387 2158 Germaniae.

480 2204 595 2279 crusta
610 2210 714 2300 magia
735 2201 837 2276 nitida
859 2229 959 2301 quam
982 2208 1016 2276 iu
1043 2209 1144 2295 priori
1164 2206 1228 2294 (α)
1252 2207 1371 2276 areolis
1394 2202 1762 2278 convexo-verrucam.
1817 2209 1999 2304 Apothecia
2018 2219 2055 2286 in

540 2307 660 2378 areolis
676 2310 819 2377 omnino
835 2299 903 2375 lere
921 2299 1072 2374 immersa
1090 2301 1272 2400 planissima
1297 2309 1445 2401 margine
1466 2310 1554 2376 tenni
1575 2303 1721 2380 thallode
1746 2301 1858 2405 spurio
1883 2309 2057 2410 edeprel'·

541 2403 634 2477 lione
648 2409 899 2502 apotheciornm
914 2427 989 2477 orto
1012 2399 1200 2502 frequenter
1212 2407 1328 2480 eim‘la.
1889 2417 1894 2426 '

480 2535 718 2608 Lccanorae
741 2525 888 2600 badiae
915 2525 1002 2598 haud
1026 2526 1180 2599 ablirnilis
1198 2546 1229 2599 et
1250 2530 1521 2604 Urceolatiia
1540 2519 1749 2631 propinqum
1783 2537 1841 2606 vix
1865 2553 1978 2610 tamen
2003 2535 2057 2610 di.

543 2625 790 2730 ssinmaspeciea
810 2624 932 2726 abipsa
950 2625 1130 2700 Lecirlea
1158 2629 1429 2708 ceeltumena‚

459 2819 497 2902 Ὺ.
523 2813 565 2882 L.
587 2805 777 2899 testudine:
810 2801 913 2874 crnlla
934 2799 1168 2888 determinata,
1200 2803 1323 2873 ambitu
1351 2798 1553 2887 subradiato,
1586 2803 1902 2898 amomo-rimosa,
1930 2813 2057 2888 areolis

507 2911 626 3004 glabris
644 2905 795 2978 olivaceis
815 2907 964 3001 margine
978 2908 1072 2992 anim
1094 2905 1275 3000 apotheciis
1291 2908 1425 2976 minutis
1445 2900 1611 3012 [astilibus.

482 3058 615 3132 Habitat
627 3059 662 3126 in
681 3050 762 3126 saxis
782 3050 959 3124 rlnrissimia
978 3057 1129 3135 Sveciae3
1155 3049 1323 3125 Helvetiae
1340 3049 1516 3128 Sallaiclnr.

483 3205 522 3284 ln
539 3205 616 3278 llatu
639 3201 786 3301 perfetio
810 3199 1043 3298 elegantillima
1060 3200 1124 3286 ell,
1150 3201 1269 3272 areolis
1290 3175 1488 3273 tellndinnm
1509 3225 1604 3274 more
1623 3200 1829 3299 glabenirnia
1845 3204 1985 3294 lucidis,
2010 3221 2056 3284 ri.

543 3305 643 3379 mulis
661 3307 762 3399 sslgrl⁸
779 3305 984 3381 interlineas
1001 3321 1126 3378 ornata.
1159 3303 1268 3376 Color
1284 3301 1468 3376 areolarum
1484 3327 1541 3402 per
1555 3321 1691 3377 aetatem
1710 3301 1818 3378 luleus
1835 3330 1934 3408 atque
1951 3317 2056 3388 etiam

545 3408 712 3504 nigricans
735 3399 853 3478 evadit.
878 3471 887 3486 ,

435 3659 472 3733 9.
499 3632 714 3716 LEClDEA
742 3630 940 3732 pelidae.

483 3791 521 3862 L.
538 3786 639 3861 crulla
655 3781 1003 3886 gamalam-areolam
1015 3785 1147 3855 cinereo
1161 3773 1433 3864 tusco-luftau
1459 3779 1637 3877 apotlreciia
1657 3787 1791 3860 minutis
1811 3782 1966 3865 sellilibna
1984 3793 2056 3894 pla·

546 3891 596 3966 nit
615 3885 753 3983 demunt
769 3877 971 3981 subglobolis
989 3887 1082 3970 atria,
1106 3888 1191 3955 intua
1213 3887 1344 3953 cinereo
1357 3881 1624 3977 ·nigricantibns.

483 4039 617 4114 Habitat
633 4031 673 4107 ad
690 4032 813 4134 lapidea
831 4039 867 4106 in
884 4052 998 4106 monte
1016 4029 1196 4106 Hoclrilein
1215 4024 1370 4105 Lnlatiae.
1404 4033 1520 4131 Mofig.

483 4183 601 4260 erun·
618 4181 731 4254 mollia
743 4187 875 4255 tenuior
890 4208 930 4254 ex
948 4180 1067 4254 areolit
1088 4175 1347 4278 graniformibna
1371 4173 1538 4250 interdum
1560 4172 1734 4251 sublabatic
1759 4180 1953 4282 plerumque
1976 4217 2058 4266 con.

546 4280 740 4356 vexinlcnlia
764 4280 958 4380 compofita.
1008 4285 1190 4379 Apothecia
1214 4305 1310 4378 parve
1341 4281 1436 4376 plana
1460 4283 1667 4378 marginata,
1700 4277 1777 4352 dein
1800 4287 1853 4356 vel
1878 4298 2060 4366 concaaiu·

545 4380 630 4458 scula
648 4385 669 4458 Ι.
691 4377 965 4479 hemisphaerica,
991 4403 1023 4454 et
1039 4405 1099 4480 per
1111 4400 1249 4452 aetatem
1264 4373 1460 4478 subglobosa
1480 4401 1546 4452 atra
1562 4405 1664 4476 opaca
1683 4406 1745 4452 nec
1760 4383 1929 4479 laevigata.

482 4511 538 4590 ob
555 4515 730 4588 minutiem
745 4510 916 4608 apothecia
932 4529 1002 4587 noa
1017 4503 1113 4582 facile
1126 4503 1366 4606 perceptibilia,
1392 4529 1488 4602 aegre
1503 4509 1601 4580 etiarn
1616 4508 1703 4582 intua
1719 4514 1964 4598 examinantur.

1999 4749 2060 4814 10.
