4466 5536
1100 985 1299 1062 onnus
1345 985 1482 1084 ἱιιιιῐ.

749 1143 2016 1308 Tnunnnunnrun.'

1134 1415 1454 1452 naun-...-
1510 1429 1516 1443 .

990 1597 1272 1675 charadion
1322 1599 1610 1680 Naturalis,
1698 1679 1700 1688 Α

483 1728 742 1811 Aeonuocrorn
767 1719 1012 1800 verrucifortne
1031 1717 1558 1824 hemisphaerion·subglobosutu
1581 1721 1699 1818 lell'tle,
1734 1751 1754 1798 e
1779 1719 1950 1798 snbllautia
1972 1729 2118 1825 propria

443 1885 448 1894 .
593 1825 702 1919 (nula)
720 1825 964 1927 compositum,
990 1826 1129 1922 cuticula
1146 1825 1355 1924 cartilaginea
1375 1827 1522 1900 colorata
1539 1828 1681 1911 tedlunr,
1713 1829 1865 1901 thalamia
1889 1825 1984 1926 plora
2010 1827 2117 1898 iuclu-

597 1926 699 2017 dena;
726 1933 902 2004 Paritberio
926 1926 1065 2028 simplici
1090 1921 1193 1999 crasso
1220 1919 1494 2024 subcartilagineo
1512 1949 1584 2002 atro
1605 1924 1769 2028 globoso,
1795 1926 1934 2011 &utum
1953 1924 2114 2026 papillula

597 2048 632 2103 et
649 2027 718 2103 vbae
738 2028 898 2104 deilrucla
921 2029 972 2102 uel
1000 2025 1169 2114 elabente,
1202 2025 1324 2102 olliolo
1347 2027 1388 2100 ad
1411 2023 1620 2127 superficiem
1646 2032 1821 2126 Apotlreeii
1847 2033 2041 2102 communia
2070 2019 2115 2116 (s.

597 2131 771 2227 verrucae)
792 2135 1024 2232 prominente,
1052 2133 1205 2206 Nocitura
1224 2133 1424 2229 proiigtttrua
1440 2149 1548 2204 toturn
1561 2129 1768 2222 obducente;
1790 2131 2116 2230 mortuomari

595 2231 657 2306 clei
672 2228 916 2332 [obgelatioolo
930 2226 1101 2305 celluloso.

491 2363 493 2370 '
599 2360 742 2466 Gongyii
760 2365 844 2433 intra
860 2352 1071 2430 substantiam
1089 2355 1199 2432 nuclei
1222 2352 1409 2432 nidularttea
1431 2351 1637 2459 nudilinque
1659 2351 1796 2432 Cellulia
1817 2353 1976 2455 oblongis
1990 2358 2115 2453 irregu-

598 2456 719 2530 laribus
733 2453 978 2534 consertiffimia
998 2455 1125 2532 inclull.
1259 2491 1263 2498 ⁴

490 2603 665 2660 runnnua
679 2583 1102 2683 mustaceo-cartilaginem
1120 2577 1298 2656 uniformia
1313 2577 1448 2658 effusus.

1095 2907 1515 2994 Observationes.

489 3021 803 3214 Receptaculum
837 3042 984 3144 pluribus
1019 3040 1179 3140 thalatniis
1204 3069 1385 3136 commune
1413 3045 1544 3117 exhibet
1577 3046 1799 3140 Apothecinna
1831 3048 1865 3117 in
1891 3048 1957 3119 hoe
1982 3049 2109 3119 Genere

606 3143 701 3217 valde
719 3143 893 3240 lingulati,
925 3167 957 3217 et
977 3143 1072 3216 nullo
1096 3143 1202 3214 modo
1223 3145 1264 3216 ab
1288 3141 1360 3240 iplo
1383 3141 1490 3218 thallo
1512 3141 1694 3218 lortnatunt
1723 3165 1758 3216 ut
1786 3151 1820 3218 iu
1843 3147 2107 3242 Endocarpia

488 3267 521 3322 et
540 3248 735 3320 Licbenibue
756 3247 1027 3321 Coeootlralamia
1044 3245 1290 3340 phyrttatoideia
1315 3242 1358 3316 fic
1378 3243 1492 3332 ditiis,
1520 3242 1571 3316 led
1592 3272 1611 3318 e
1630 3251 1765 3344 proptia
1782 3241 1953 3318 lubllantia
1972 3271 2109 3344 compo·

490 3344 609 3432 litum,
631 3354 717 3419 lutus
738 3339 1198 3444 suberoso-snblponglol'um
1217 3341 1329 3416 tulum
1347 3364 1445 3440 atque
1465 3347 1654 3418 membrana
1678 3341 1732 3417 seu
1753 3347 1893 3428 cuticula
1910 3345 2035 3420 duriori
2052 3349 2121 3418 ob··

491 3445 628 3521 scuriori
651 3447 783 3524 tellum.
850 3455 938 3520 lutra
963 3451 1059 3537 bnjua
1086 3439 1296 3516 lubllantiarn
1319 3441 1510 3517 nidulantur
1534 3447 1685 3518 thalamia
1709 3441 1894 3542 sphaerica,
1933 3449 2109 3542 peritbeclo
2199 3525 2202 3540 ἢ

491 3545 631 3647 fitnplici
659 3544 713 3620 sed
738 3545 927 3620 craffiillnro
950 3547 1147 3640 compano,
1174 3565 1283 3617 tameo
1300 3571 1416 3640 parum
1432 3541 1552 3628 friabili
1574 3568 1645 3618 atro
1663 3569 1771 3643 opaco
1788 3551 2025 3640 integerrimo,
2050 3572 2110 3618 nu·

488 3649 600 3722 oleum
631 3651 836 3747 proligerum
869 3639 1045 3746 globosum
1078 3639 1357 3742 subgulatinosum
1388 3645 1575 3719 includente
1599 3647 1762 3720 iollrucla.
1829 3645 1881 3718 Ad
1905 3641 2109 3746 superficiem

492 3755 658 3826 Verrucae
683 3747 738 3822 len
767 3753 938 3845 Apothecii
960 3751 1150 3818 eommunia
1173 3745 1308 3819 tandem
1331 3751 1630 3846 appropinquantia
1658 3749 1837 3832 tiralaruia,
1878 3749 2033 3844 papillula
2060 3751 2108 3817 io·

492 3849 677 3940 struuntur,
710 3873 794 3946 quae
818 3845 1024 3948 superficiem
1045 3851 1208 3946 apothecii
1236 3844 1382 3946 perforat
1404 3872 1435 3922 et
1459 3843 1553 3945 snpra
1571 3875 1642 3922 earu
1661 3855 1848 3944 prominet,
1882 3844 1941 3920 luo
1963 3869 2110 3946 ternpore

492 3951 630 4030 dentum
648 3945 840 4027 evanescent
859 3969 892 4022 et
912 3947 1068 4022 olliolntu
1091 3947 1162 4047 poll
1183 3942 1215 4020 se
1239 3950 1446 4048 relinquent,
1474 3969 1508 4022 ut
1531 3952 1564 4020 in
1588 3947 1855 4046 Endocarpia
1876 3947 2031 4022 labiatntn
2056 3943 2109 4018 sen

492 4053 788 4152 lnbrnarginatunr.
838 4051 955 4124 Nuelei
978 4049 1135 4149 proligeri
1157 4069 1225 4120 tota
1248 4043 1418 4122 substantia
1439 4054 1473 4120 in
1495 4046 1636 4122 humido
1658 4048 1736 4120 llatu
1757 4043 2015 4144 subgelatinol'a,
2038 4045 2110 4122 Cel·

492 4154 569 4230 lulis
585 4157 741 4254 oblongie
754 4174 785 4226 et
800 4144 1011 4226 difformibna
1035 4143 1252 4222 ereuiuscutie
1273 4149 1469 4250 relabique
1490 4147 1607 4221 ordine
1624 4147 1738 4223 locatio
1765 4147 2040 4244 pellucidiss‘uuie,
2065 4167 2110 4220 ot·

493 4255 678 4356 plurimum
702 4276 810 4327 tamen
832 4252 1008 4353 parallelis,
1035 4252 1224 4351 googyloa,
1250 4253 1371 4351 absque
1390 4249 1559 4334 reficulla,
1587 4249 1847 4338 includentibus,
1873 4250 1926 4322 uel
1948 4255 1997 4324 hia
2019 4249 2109 4322 delli·
2201 4289 2202 4314 t

492 4361 591 4442 tutia,
617 4377 683 4428 tota
700 4375 819 4452 quanta
840 4355 961 4452 repleta
979 4353 1034 4426 ell.
1093 4359 1129 4424 in
1154 4351 1234 4424 llatn
1257 4349 1342 4426 linco
1362 4357 1484 4452 pariter
1498 4377 1536 4424 ac
1552 4350 1679 4424 uetnllo
1694 4345 1868 4424 lubllantia
1886 4351 1995 4426 nuclei
2015 4351 2109 4424 colla·

492 4451 593 4534 bescit
615 4475 647 4530 et
668 4449 889 4530 subevaoescit
912 4457 1000 4527 utin
1026 4455 1306 4528 Verrne'ariie.

605 4585 721 4670 Qunna
746 4583 969 4680 Apothecium
990 4602 1190 4661 commune,
1215 4579 1372 4650 Strornati
1394 4576 1702 4672 Sphaeriarnnt
1725 4571 1963 4677 respondenae
1984 4579 2110 4678 propria
2201 4573 2202 4664 l

492 4681 667 4764 substantia
687 4679 871 4760 formatum
879 4731 893 4773 ‚
929 4705 992 4756 nee
1011 4676 1158 4776 eiusdem
1181 4702 1260 4752 curn
1285 4675 1391 4752 thalla
1415 4675 1539 4752 colaria
1566 4679 1620 4752 rel
1640 4695 1776 4752 naturae
1798 4675 1858 4770 stt,
1892 4677 1935 4752 ad
1958 4683 2112 4854 melda
2201 4777 2202 4780 Ἴ

1088 4801 1093 4810 .
2070 4805 2113 4852 w·
2201 4801 2202 4806 ,
