<?xml version="1.0" encoding="UTF-8"?>
<!DOCTYPE html PUBLIC "-//W3C//DTD XHTML 1.0 Transitional//EN"
    "http://www.w3.org/TR/xhtml1/DTD/xhtml1-transitional.dtd">
<html xmlns="http://www.w3.org/1999/xhtml" xml:lang="en" lang="en">
 <head>
  <title>
</title>
<meta http-equiv="Content-Type" content="text/html;charset=utf-8" />
  <meta name='ocr-system' content='tesseract 3.04.00' />
  <meta name='ocr-capabilities' content='ocr_page ocr_carea ocr_par ocr_line ocrx_word'/>
</head>
<body>
  <div class='ocr_page' id='page_1' title='image "./lichenographiau00achagoog_0664.png"; bbox 0 0 4362 5522; ppageno 0'>
   <div class='ocr_carea' id='block_1_1' title="bbox 622 503 1698 616">
    <p class='ocr_par' dir='ltr' id='par_1_1' title="bbox 622 503 1698 616">
     <span class='ocr_line' id='line_1_1' title="bbox 622 503 1698 616; baseline 0.019 -43"><span class='ocrx_word' id='word_1_1' title='bbox 622 603 626 616; x_wconf 91' lang='lat'>.</span> <span class='ocrx_word' id='word_1_2' title='bbox 664 524 848 574; x_wconf 76' lang='lat' dir='ltr'>contenit.</span> <span class='ocrx_word' id='word_1_3' title='bbox 882 503 1096 598; x_wconf 74' lang='lat' dir='ltr'>Encliylium.</span> <span class='ocrx_word' id='word_1_4' title='bbox 1205 549 1209 556; x_wconf 92' lang='lat'>·</span> <span class='ocrx_word' id='word_1_5' title='bbox 1622 509 1698 593; x_wconf 79' lang='lat'>⁶37</span> 
     </span>
    </p>
   </div>
   <div class='ocr_carea' id='block_1_2' title="bbox 116 687 1693 1032">
    <p class='ocr_par' dir='ltr' id='par_1_2' title="bbox 116 687 1693 1032">
     <span class='ocr_line' id='line_1_2' title="bbox 120 687 1452 802; baseline -0.001 -27"><span class='ocrx_word' id='word_1_6' title='bbox 120 687 308 775; x_wconf 84' lang='lat' dir='ltr'>Similitudo</span> <span class='ocrx_word' id='word_1_7' title='bbox 334 698 437 772; x_wconf 87' lang='lat' dir='ltr'>multa</span> <span class='ocrx_word' id='word_1_8' title='bbox 459 723 537 774; x_wconf 88' lang='lat' dir='ltr'>cum</span> <span class='ocrx_word' id='word_1_9' title='bbox 563 702 770 776; x_wconf 86' lang='lat' dir='ltr'>Parmelia</span> <span class='ocrx_word' id='word_1_10' title='bbox 794 697 1052 786; x_wconf 85' lang='lat' dir='ltr'>falilunensi‚</span> <span class='ocrx_word' id='word_1_11' title='bbox 1086 697 1224 802; x_wconf 89' lang='lat' dir='ltr'>quando</span> <span class='ocrx_word' id='word_1_12' title='bbox 1248 698 1371 774; x_wconf 88' lang='lat' dir='ltr'>siecum</span> <span class='ocrx_word' id='word_1_13' title='bbox 1393 698 1452 789; x_wconf 77' lang='lat' dir='ltr'>ell.</span> 
     </span>
     <span class='ocr_line' id='line_1_3' title="bbox 116 817 1693 926; baseline -0.003 -26"><span class='ocrx_word' id='word_1_14' title='bbox 116 817 537 926; x_wconf 77' lang='lat' dir='ltr'>Acutigeneribual&#39;acile</span> <span class='ocrx_word' id='word_1_15' title='bbox 567 823 771 926; x_wconf 86' lang='lat' dir='ltr'>dignoscitur</span> <span class='ocrx_word' id='word_1_16' title='bbox 798 826 953 902; x_wconf 74' lang='lat' dir='ltr'>ilrudlura</span> <span class='ocrx_word' id='word_1_17' title='bbox 984 828 1198 919; x_wconf 84' lang='lat' dir='ltr'>laciniariim,</span> <span class='ocrx_word' id='word_1_18' title='bbox 1230 820 1285 900; x_wconf 85' lang='lat' dir='ltr'>sed</span> <span class='ocrx_word' id='word_1_19' title='bbox 1315 831 1414 902; x_wconf 85' lang='lat' dir='ltr'>etiam</span> <span class='ocrx_word' id='word_1_20' title='bbox 1442 820 1500 898; x_wconf 88' lang='lat' dir='ltr'>lub</span> <span class='ocrx_word' id='word_1_21' title='bbox 1522 821 1595 898; x_wconf 87' lang='lat' dir='ltr'>aliia</span> <span class='ocrx_word' id='word_1_22' title='bbox 1621 817 1693 898; x_wconf 83' lang='lat' dir='ltr'>for·</span> 
     </span>
     <span class='ocr_line' id='line_1_4' title="bbox 171 924 1674 1032; baseline 0.001 -30"><span class='ocrx_word' id='word_1_23' title='bbox 171 933 236 1002; x_wconf 80' lang='lat' dir='ltr'>iiiii</span> <span class='ocrx_word' id='word_1_24' title='bbox 260 932 405 1002; x_wconf 89' lang='lat' dir='ltr'>occurrit</span> <span class='ocrx_word' id='word_1_25' title='bbox 427 945 541 1016; x_wconf 76' lang='lat' dir='ltr'>potatis</span> <span class='ocrx_word' id='word_1_26' title='bbox 566 926 700 1022; x_wconf 77' lang='lat' dir='ltr'><strong>dignis,</strong></span> <span class='ocrx_word' id='word_1_27' title='bbox 726 953 810 1028; x_wconf 87' lang='lat' dir='ltr'>quae</span> <span class='ocrx_word' id='word_1_28' title='bbox 833 924 1022 1032; x_wconf 85' lang='lat' dir='ltr'>sequuntur.</span> <span class='ocrx_word' id='word_1_29' title='bbox 1668 933 1674 944; x_wconf 85' lang='lat'>&#39;</span> 
     </span>
    </p>
   </div>
   <div class='ocr_carea' id='block_1_3' title="bbox 90 1053 1694 1376">
    <p class='ocr_par' dir='ltr' id='par_1_3' title="bbox 90 1053 1694 1376">
     <span class='ocr_line' id='line_1_5' title="bbox 90 1053 1692 1174; baseline -0.002 -25"><span class='ocrx_word' id='word_1_30' title='bbox 90 1067 129 1156; x_wconf 71' lang='lat' dir='ltr'>ld.</span> <span class='ocrx_word' id='word_1_31' title='bbox 157 1079 197 1154; x_wconf 90' lang='lat' dir='ltr'>C.</span> <span class='ocrx_word' id='word_1_32' title='bbox 217 1053 412 1174; x_wconf 77' lang='lat' dir='ltr'>marginali:</span> <span class='ocrx_word' id='word_1_33' title='bbox 439 1075 523 1146; x_wconf 85' lang='lat' dir='ltr'>loliis</span> <span class='ocrx_word' id='word_1_34' title='bbox 546 1071 714 1170; x_wconf 82' lang='lat' dir='ltr'>profunde</span> <span class='ocrx_word' id='word_1_35' title='bbox 737 1073 900 1150; x_wconf 78' lang='lat' dir='ltr'>laciniatis‘</span> <span class='ocrx_word' id='word_1_36' title='bbox 923 1075 1097 1174; x_wconf 85' lang='lat' dir='ltr'>aiigullatis</span> <span class='ocrx_word' id='word_1_37' title='bbox 1119 1073 1291 1148; x_wconf 81' lang='lat' dir='ltr'>multifidis</span> <span class='ocrx_word' id='word_1_38' title='bbox 1314 1071 1424 1148; x_wconf 86' lang='lat' dir='ltr'>effulis</span> <span class='ocrx_word' id='word_1_39' title='bbox 1449 1069 1601 1148; x_wconf 85' lang='lat' dir='ltr'>lleituolis</span> <span class='ocrx_word' id='word_1_40' title='bbox 1624 1070 1692 1170; x_wconf 88' lang='lat' dir='ltr'>pla·</span> 
     </span>
     <span class='ocr_line' id='line_1_6' title="bbox 138 1172 1694 1278; baseline -0.002 -29"><span class='ocrx_word' id='word_1_41' title='bbox 138 1172 293 1260; x_wconf 82' lang='lat' dir='ltr'>ninlculis</span> <span class='ocrx_word' id='word_1_42' title='bbox 328 1175 706 1276; x_wconf 55' lang='lat' dir='ltr'>crciiatis⁴lobatisque3</span> <span class='ocrx_word' id='word_1_43' title='bbox 746 1185 926 1276; x_wconf 88' lang='lat' dir='ltr'>apoilieciis</span> <span class='ocrx_word' id='word_1_44' title='bbox 963 1178 1198 1278; x_wconf 76' lang='lat' dir='ltr'>marginalibus</span> <span class='ocrx_word' id='word_1_45' title='bbox 1232 1172 1411 1278; x_wconf 83' lang='lat' dir='ltr'>sparsisque</span> <span class='ocrx_word' id='word_1_46' title='bbox 1444 1173 1694 1274; x_wconf 84' lang='lat' dir='ltr'>luico-nigris,</span> 
     </span>
     <span class='ocr_line' id='line_1_7' title="bbox 137 1282 463 1376; baseline 0 -26"><span class='ocrx_word' id='word_1_47' title='bbox 137 1283 291 1376; x_wconf 78' lang='lat' dir='ltr'>margine</span> <span class='ocrx_word' id='word_1_48' title='bbox 319 1282 463 1373; x_wconf 80' lang='lat' dir='ltr'>integra.</span> 
     </span>
    </p>
   </div>
   <div class='ocr_carea' id='block_1_4' title="bbox 108 1395 1691 2002">
    <p class='ocr_par' dir='ltr' id='par_1_4' title="bbox 115 1395 1391 1503">
     <span class='ocr_line' id='line_1_8' title="bbox 115 1395 1391 1503; baseline 0.001 -27"><span class='ocrx_word' id='word_1_49' title='bbox 115 1405 272 1476; x_wconf 84' lang='lat' dir='ltr'>l‘arinelia</span> <span class='ocrx_word' id='word_1_50' title='bbox 300 1402 449 1476; x_wconf 77' lang='lat' dir='ltr'>melaena</span> <span class='ocrx_word' id='word_1_51' title='bbox 469 1428 540 1478; x_wconf 81' lang='lat' dir='ltr'>uui.</span> <span class='ocrx_word' id='word_1_52' title='bbox 566 1395 606 1484; x_wconf 73' lang='lat' dir='ltr'>ld.</span> <span class='ocrx_word' id='word_1_53' title='bbox 630 1405 833 1503; x_wconf 83' lang='lat' dir='ltr'>marginalis.</span> <span class='ocrx_word' id='word_1_54' title='bbox 885 1403 1006 1478; x_wconf 74' lang='lat' dir='ltr'>Asiae.</span> <span class='ocrx_word' id='word_1_55' title='bbox 1023 1406 1130 1483; x_wconf 75' lang='lat' dir='ltr'>Melit.</span> <span class='ocrx_word' id='word_1_56' title='bbox 1152 1406 1243 1481; x_wconf 80' lang='lat' dir='ltr'>Lici.</span> <span class='ocrx_word' id='word_1_57' title='bbox 1267 1429 1303 1501; x_wconf 79' lang='lat' dir='ltr'>p.</span> <span class='ocrx_word' id='word_1_58' title='bbox 1322 1417 1391 1494; x_wconf 77' lang='lat'>241.</span> 
     </span>
    </p>

    <p class='ocr_par' dir='ltr' id='par_1_5' title="bbox 116 1523 1011 1626">
     <span class='ocr_line' id='line_1_9' title="bbox 116 1523 1011 1626; baseline 0.001 -22"><span class='ocrx_word' id='word_1_59' title='bbox 116 1528 268 1604; x_wconf 83' lang='lat' dir='ltr'>Colleina</span> <span class='ocrx_word' id='word_1_60' title='bbox 295 1523 497 1607; x_wconf 72' lang='lat' dir='ltr'>laciniatim.</span> <span class='ocrx_word' id='word_1_61' title='bbox 549 1527 674 1624; x_wconf 87' lang='lat' dir='ltr'>Hoffiii.</span> <span class='ocrx_word' id='word_1_62' title='bbox 697 1532 751 1604; x_wconf 75' lang='lat' dir='ltr'>Fi.</span> <span class='ocrx_word' id='word_1_63' title='bbox 773 1533 883 1605; x_wconf 82' lang='lat' dir='ltr'>Germ.</span> <span class='ocrx_word' id='word_1_64' title='bbox 905 1553 1011 1626; x_wconf 72' lang='lat' dir='ltr'>pito.</span> 
     </span>
    </p>

    <p class='ocr_par' dir='ltr' id='par_1_6' title="bbox 108 1641 1691 1876">
     <span class='ocr_line' id='line_1_10' title="bbox 115 1641 1691 1754; baseline -0.003 -28"><span class='ocrx_word' id='word_1_65' title='bbox 115 1657 237 1726; x_wconf 80' lang='lat' dir='ltr'>Licberi</span> <span class='ocrx_word' id='word_1_66' title='bbox 257 1655 456 1752; x_wconf 79' lang='lat' dir='ltr'>marginalia.</span> <span class='ocrx_word' id='word_1_67' title='bbox 484 1650 591 1748; x_wconf 71' lang='lat' dir='ltr'>Hadfi</span> <span class='ocrx_word' id='word_1_68' title='bbox 606 1658 657 1732; x_wconf 79' lang='lat' dir='ltr'>Fi.</span> <span class='ocrx_word' id='word_1_69' title='bbox 675 1657 777 1754; x_wconf 83' lang='lat' dir='ltr'>Argi.</span> <span class='ocrx_word' id='word_1_70' title='bbox 799 1669 922 1750; x_wconf 77' lang='lat' dir='ltr'>p.554..</span> <span class='ocrx_word' id='word_1_71' title='bbox 944 1691 992 1712; x_wconf 90' lang='lat'>-·</span> <span class='ocrx_word' id='word_1_72' title='bbox 1022 1651 1105 1730; x_wconf 79' lang='lat' dir='ltr'>Atli-</span> <span class='ocrx_word' id='word_1_73' title='bbox 1127 1656 1315 1752; x_wconf 81' lang='lat' dir='ltr'>Liclitnugr.</span> <span class='ocrx_word' id='word_1_74' title='bbox 1331 1641 1416 1728; x_wconf 78' lang='lat' dir='ltr'>Suet.</span> <span class='ocrx_word' id='word_1_75' title='bbox 1435 1651 1560 1725; x_wconf 79' lang='lat' dir='ltr'>Prodr.</span> <span class='ocrx_word' id='word_1_76' title='bbox 1583 1669 1691 1746; x_wconf 66' lang='grc' dir='ltr'>μιη.</span> 
     </span>
     <span class='ocr_line' id='line_1_11' title="bbox 108 1775 1276 1876; baseline -0.001 -26"><span class='ocrx_word' id='word_1_77' title='bbox 108 1780 238 1856; x_wconf 68' lang='lat' dir='ltr'>,Limen</span> <span class='ocrx_word' id='word_1_78' title='bbox 259 1775 518 1876; x_wconf 81' lang='lat' dir='ltr'>atio-pralium.</span> <span class='ocrx_word' id='word_1_79' title='bbox 569 1776 711 1854; x_wconf 78' lang='lat' dir='ltr'>Sclrltirli.</span> <span class='ocrx_word' id='word_1_80' title='bbox 737 1782 793 1855; x_wconf 85' lang='lat' dir='ltr'>Cr.</span> <span class='ocrx_word' id='word_1_81' title='bbox 1273 1801 1276 1808; x_wconf 84' lang='grc'><strong>’</strong></span> 
     </span>
    </p>

    <p class='ocr_par' dir='ltr' id='par_1_7' title="bbox 112 1885 1129 2002">
     <span class='ocr_line' id='line_1_12' title="bbox 112 1885 1129 2002; baseline 0.003 -26"><span class='ocrx_word' id='word_1_82' title='bbox 112 1901 240 1979; x_wconf 82' lang='lat' dir='ltr'>Erlicr.</span> <span class='ocrx_word' id='word_1_83' title='bbox 281 1885 424 1977; x_wconf 81' lang='lat' dir='ltr'>Stlltitli.</span> <span class='ocrx_word' id='word_1_84' title='bbox 452 1907 565 1986; x_wconf 82' lang='lat' dir='ltr'>Plani.</span> <span class='ocrx_word' id='word_1_85' title='bbox 585 1908 701 2002; x_wconf 74' lang='lat' dir='ltr'>Crypt.</span> <span class='ocrx_word' id='word_1_86' title='bbox 726 1909 851 1980; x_wconf 81' lang='lat' dir='ltr'>Heluii.</span> <span class='ocrx_word' id='word_1_87' title='bbox 878 1907 966 1982; x_wconf 82' lang='lat' dir='ltr'>Crat.</span> <span class='ocrx_word' id='word_1_88' title='bbox 984 1930 1013 1978; x_wconf 89' lang='lat'>2.</span> <span class='ocrx_word' id='word_1_89' title='bbox 1038 1932 1072 1982; x_wconf 86' lang='lat' dir='ltr'>n.</span> <span class='ocrx_word' id='word_1_90' title='bbox 1083 1909 1129 1996; x_wconf 85' lang='lat'>65.</span> 
     </span>
    </p>
   </div>
   <div class='ocr_carea' id='block_1_5' title="bbox 113 2029 1692 2378">
    <p class='ocr_par' dir='ltr' id='par_1_8' title="bbox 113 2029 1692 2378">
     <span class='ocr_line' id='line_1_13' title="bbox 114 2029 848 2132; baseline 0.004 -32"><span class='ocrx_word' id='word_1_91' title='bbox 114 2033 158 2106; x_wconf 82' lang='lat' dir='ltr'>lr.</span> <span class='ocrx_word' id='word_1_92' title='bbox 200 2029 324 2102; x_wconf 73' lang='lat' dir='ltr'>Dillio.</span> <span class='ocrx_word' id='word_1_93' title='bbox 347 2029 435 2132; x_wconf 81' lang='grc' dir='ltr'><em>Ηιβ.</em></span> <span class='ocrx_word' id='word_1_94' title='bbox 456 2029 568 2126; x_wconf 78' lang='lat' dir='ltr'>Marsi.</span> <span class='ocrx_word' id='word_1_95' title='bbox 598 2034 675 2104; x_wconf 72' lang='lat' dir='ltr'>Tati.</span> <span class='ocrx_word' id='word_1_96' title='bbox 686 2053 727 2119; x_wconf 84' lang='lat'>19.</span> <span class='ocrx_word' id='word_1_97' title='bbox 754 2030 848 2122; x_wconf 82' lang='lat' dir='ltr'>s.25.</span> 
     </span>
     <span class='ocr_line' id='line_1_14' title="bbox 113 2147 1275 2256; baseline 0 -30"><span class='ocrx_word' id='word_1_98' title='bbox 113 2153 249 2226; x_wconf 84' lang='lat' dir='ltr'>Habitat</span> <span class='ocrx_word' id='word_1_99' title='bbox 274 2155 447 2251; x_wconf 80' lang='lat' dir='ltr'>praecipue</span> <span class='ocrx_word' id='word_1_100' title='bbox 471 2157 506 2225; x_wconf 92' lang='lat' dir='ltr'>in</span> <span class='ocrx_word' id='word_1_101' title='bbox 531 2148 611 2226; x_wconf 85' lang='lat' dir='ltr'>l&#39;aiiis</span> <span class='ocrx_word' id='word_1_102' title='bbox 634 2151 779 2228; x_wconf 88' lang='lat' dir='ltr'>calcariis</span> <span class='ocrx_word' id='word_1_103' title='bbox 802 2180 885 2253; x_wconf 87' lang='lat' dir='ltr'>aqua</span> <span class='ocrx_word' id='word_1_104' title='bbox 910 2149 1076 2226; x_wconf 87' lang='lat' dir='ltr'>interdum</span> <span class='ocrx_word' id='word_1_105' title='bbox 1104 2147 1242 2227; x_wconf 80' lang='lat' dir='ltr'>suffnfis.</span> <span class='ocrx_word' id='word_1_106' title='bbox 1273 2249 1275 2256; x_wconf 14' lang='lat' dir='ltr'>y</span> 
     </span>
     <span class='ocr_line' id='line_1_15' title="bbox 113 2270 1692 2378; baseline -0.005 -28"><span class='ocrx_word' id='word_1_107' title='bbox 113 2281 301 2378; x_wconf 75' lang='lat' dir='ltr'>specimina</span> <span class='ocrx_word' id='word_1_108' title='bbox 334 2280 399 2350; x_wconf 90' lang='lat' dir='ltr'>boc</span> <span class='ocrx_word' id='word_1_109' title='bbox 430 2303 507 2348; x_wconf 88' lang='lat' dir='ltr'>cuni</span> <span class='ocrx_word' id='word_1_110' title='bbox 536 2282 637 2375; x_wconf 89' lang='lat' dir='ltr'>priori</span> <span class='ocrx_word' id='word_1_111' title='bbox 666 2277 732 2372; x_wconf 84' lang='grc' dir='ltr'>(ιι)</span> <span class='ocrx_word' id='word_1_112' title='bbox 761 2282 990 2351; x_wconf 75' lang='lat' dir='ltr'>connedlentia</span> <span class='ocrx_word' id='word_1_113' title='bbox 1019 2273 1190 2370; x_wconf 74' lang='lat' dir='ltr'>obseruare</span> <span class='ocrx_word' id='word_1_114' title='bbox 1219 2301 1288 2350; x_wconf 91' lang='lat' dir='ltr'>noti</span> <span class='ocrx_word' id='word_1_115' title='bbox 1321 2270 1419 2347; x_wconf 87' lang='lat' dir='ltr'>semel</span> <span class='ocrx_word' id='word_1_116' title='bbox 1446 2273 1557 2356; x_wconf 82' lang='lat' dir='ltr'>licuit,</span> <span class='ocrx_word' id='word_1_117' title='bbox 1591 2293 1692 2370; x_wconf 88' lang='lat' dir='ltr'>quare</span> 
     </span>
    </p>
   </div>
   <div class='ocr_carea' id='block_1_6' title="bbox 166 2369 1695 3260">
    <p class='ocr_par' dir='ltr' id='par_1_9' title="bbox 166 2369 1695 3260">
     <span class='ocr_line' id='line_1_16' title="bbox 174 2369 1690 2478; baseline -0.005 -28"><span class='ocrx_word' id='word_1_118' title='bbox 174 2383 275 2450; x_wconf 89' lang='lat' dir='ltr'>tutius</span> <span class='ocrx_word' id='word_1_119' title='bbox 304 2396 340 2448; x_wconf 91' lang='lat' dir='ltr'>ut</span> <span class='ocrx_word' id='word_1_120' title='bbox 366 2383 500 2451; x_wconf 83' lang='lat' dir='ltr'>varietas</span> <span class='ocrx_word' id='word_1_121' title='bbox 524 2386 590 2472; x_wconf 76' lang='lat' dir='ltr'>eius</span> <span class='ocrx_word' id='word_1_122' title='bbox 617 2405 716 2478; x_wconf 85' lang='lat' dir='ltr'>quam</span> <span class='ocrx_word' id='word_1_123' title='bbox 742 2385 874 2475; x_wconf 88' lang='lat' dir='ltr'>propria</span> <span class='ocrx_word' id='word_1_124' title='bbox 902 2375 1022 2475; x_wconf 85' lang='lat' dir='ltr'>species</span> <span class='ocrx_word' id='word_1_125' title='bbox 1053 2381 1260 2475; x_wconf 81' lang='lat' dir='ltr'>proponitur.</span> <span class='ocrx_word' id='word_1_126' title='bbox 1329 2379 1378 2449; x_wconf 80' lang='lat' dir='ltr'>ill)</span> <span class='ocrx_word' id='word_1_127' title='bbox 1406 2399 1448 2448; x_wconf 92' lang='lat' dir='ltr'>eo</span> <span class='ocrx_word' id='word_1_128' title='bbox 1476 2369 1588 2446; x_wconf 83' lang='lat' dir='ltr'>differt</span> <span class='ocrx_word' id='word_1_129' title='bbox 1615 2375 1690 2444; x_wconf 91' lang='lat' dir='ltr'>laci·</span> 
     </span>
     <span class='ocr_line' id='line_1_17' title="bbox 172 2468 1692 2577; baseline -0.005 -25"><span class='ocrx_word' id='word_1_130' title='bbox 172 2481 240 2552; x_wconf 87' lang='lat' dir='ltr'>niis</span> <span class='ocrx_word' id='word_1_131' title='bbox 275 2471 474 2577; x_wconf 78' lang='lat' dir='ltr'>profundius</span> <span class='ocrx_word' id='word_1_132' title='bbox 508 2477 614 2551; x_wconf 87' lang='lat' dir='ltr'>incilis</span> <span class='ocrx_word' id='word_1_133' title='bbox 648 2479 888 2577; x_wconf 79' lang='lat' dir='ltr'>angustioribus</span> <span class='ocrx_word' id='word_1_134' title='bbox 923 2478 1093 2552; x_wconf 82' lang='lat' dir='ltr'>multifidis</span> <span class='ocrx_word' id='word_1_135' title='bbox 1126 2473 1177 2550; x_wconf 88' lang='lat' dir='ltr'>sed</span> <span class='ocrx_word' id='word_1_136' title='bbox 1207 2475 1411 2551; x_wconf 82' lang='lat' dir='ltr'>erallioribus</span> <span class='ocrx_word' id='word_1_137' title='bbox 1443 2501 1461 2548; x_wconf 90' lang='lat' dir='ltr'>e</span> <span class='ocrx_word' id='word_1_138' title='bbox 1491 2494 1608 2548; x_wconf 88' lang='lat' dir='ltr'>centro</span> <span class='ocrx_word' id='word_1_139' title='bbox 1637 2468 1692 2544; x_wconf 89' lang='lat' dir='ltr'>seu</span> 
     </span>
     <span class='ocr_line' id='line_1_18' title="bbox 174 2569 1690 2679; baseline -0.005 -25"><span class='ocrx_word' id='word_1_140' title='bbox 174 2581 285 2654; x_wconf 82' lang='lat' dir='ltr'>lixura</span> <span class='ocrx_word' id='word_1_141' title='bbox 309 2583 483 2652; x_wconf 86' lang='lat' dir='ltr'>communi</span> <span class='ocrx_word' id='word_1_142' title='bbox 507 2577 662 2678; x_wconf 30' lang='lat' dir='ltr'>‘radiatim</span> <span class='ocrx_word' id='word_1_143' title='bbox 687 2578 777 2679; x_wconf 81' lang='lat' dir='ltr'>quali</span> <span class='ocrx_word' id='word_1_144' title='bbox 800 2577 961 2678; x_wconf 80' lang='lat' dir='ltr'>expansis</span> <span class='ocrx_word' id='word_1_145' title='bbox 976 2602 1008 2653; x_wconf 91' lang='lat' dir='ltr'>et</span> <span class='ocrx_word' id='word_1_146' title='bbox 1033 2587 1138 2678; x_wconf 87' lang='lat' dir='ltr'>magis</span> <span class='ocrx_word' id='word_1_147' title='bbox 1161 2581 1271 2653; x_wconf 87' lang='lat' dir='ltr'>liberis</span> <span class='ocrx_word' id='word_1_148' title='bbox 1300 2606 1361 2652; x_wconf 88' lang='lat' dir='ltr'>nee</span> <span class='ocrx_word' id='word_1_149' title='bbox 1386 2584 1428 2650; x_wconf 90' lang='lat' dir='ltr'>ita</span> <span class='ocrx_word' id='word_1_150' title='bbox 1454 2573 1612 2650; x_wconf 85' lang='lat' dir='ltr'>confertis</span> <span class='ocrx_word' id='word_1_151' title='bbox 1635 2569 1690 2646; x_wconf 88' lang='lat' dir='ltr'>led</span> 
     </span>
     <span class='ocr_line' id='line_1_19' title="bbox 173 2671 1693 2784; baseline -0.007 -28"><span class='ocrx_word' id='word_1_152' title='bbox 173 2675 324 2756; x_wconf 79' lang='lat' dir='ltr'>discrerit</span> <span class='ocrx_word' id='word_1_153' title='bbox 356 2680 574 2778; x_wconf 77' lang='lat' dir='ltr'>utplurimum</span> <span class='ocrx_word' id='word_1_154' title='bbox 600 2705 631 2752; x_wconf 90' lang='lat' dir='ltr'>et</span> <span class='ocrx_word' id='word_1_155' title='bbox 662 2682 768 2767; x_wconf 82' lang='lat' dir='ltr'>laxis,</span> <span class='ocrx_word' id='word_1_156' title='bbox 807 2687 861 2755; x_wconf 88' lang='lat' dir='ltr'>viii</span> <span class='ocrx_word' id='word_1_157' title='bbox 891 2681 1108 2754; x_wconf 87' lang='lat' dir='ltr'>canaliculatis</span> <span class='ocrx_word' id='word_1_158' title='bbox 1141 2676 1195 2753; x_wconf 89' lang='lat' dir='ltr'>sed</span> <span class='ocrx_word' id='word_1_159' title='bbox 1230 2685 1338 2780; x_wconf 89' lang='lat' dir='ltr'>potius</span> <span class='ocrx_word' id='word_1_160' title='bbox 1371 2671 1630 2784; x_wconf 81' lang='lat' dir='ltr'>convexiulculis</span> <span class='ocrx_word' id='word_1_161' title='bbox 1660 2693 1693 2746; x_wconf 89' lang='lat' dir='ltr'>et</span> 
     </span>
     <span class='ocr_line' id='line_1_20' title="bbox 166 2777 1695 2882; baseline -0.002 -32"><span class='ocrx_word' id='word_1_162' title='bbox 166 2777 523 2882; x_wconf 82' lang='lat' dir='ltr'>plano-eomprellis,</span> <span class='ocrx_word' id='word_1_163' title='bbox 560 2784 762 2879; x_wconf 79' lang='lat' dir='ltr'>marginibus</span> <span class='ocrx_word' id='word_1_164' title='bbox 790 2807 1045 2882; x_wconf 81' lang='lat' dir='ltr'>nonnumquam</span> <span class='ocrx_word' id='word_1_165' title='bbox 1077 2803 1187 2855; x_wconf 87' lang='lat' dir='ltr'>tamen</span> <span class='ocrx_word' id='word_1_166' title='bbox 1218 2783 1375 2870; x_wconf 81' lang='lat' dir='ltr'>eleuatis,</span> <span class='ocrx_word' id='word_1_167' title='bbox 1413 2783 1593 2878; x_wconf 86' lang='lat' dir='ltr'>apotheciit</span> <span class='ocrx_word' id='word_1_168' title='bbox 1622 2801 1695 2848; x_wconf 92' lang='lat' dir='ltr'>non</span> 
     </span>
     <span class='ocr_line' id='line_1_21' title="bbox 174 2871 1692 2997; baseline -0.005 -39"><span class='ocrx_word' id='word_1_169' title='bbox 174 2903 307 2958; x_wconf 77' lang='lat' dir='ltr'>teritum</span> <span class='ocrx_word' id='word_1_170' title='bbox 331 2888 364 2952; x_wconf 93' lang='lat' dir='ltr'>in</span> <span class='ocrx_word' id='word_1_171' title='bbox 390 2886 538 2979; x_wconf 84' lang='lat' dir='ltr'>margine</span> <span class='ocrx_word' id='word_1_172' title='bbox 566 2877 620 2953; x_wconf 87' lang='lat' dir='ltr'>sed</span> <span class='ocrx_word' id='word_1_173' title='bbox 650 2888 748 2955; x_wconf 85' lang='lat' dir='ltr'>etiam</span> <span class='ocrx_word' id='word_1_174' title='bbox 778 2882 818 2954; x_wconf 92' lang='lat' dir='ltr'>ad</span> <span class='ocrx_word' id='word_1_175' title='bbox 844 2883 942 2956; x_wconf 83' lang='lat' dir='ltr'>latera</span> <span class='ocrx_word' id='word_1_176' title='bbox 969 2879 1098 2997; x_wconf 77' lang='lat' dir='ltr'>sparsis,</span> <span class='ocrx_word' id='word_1_177' title='bbox 1129 2888 1164 2954; x_wconf 90' lang='lat' dir='ltr'>iti</span> <span class='ocrx_word' id='word_1_178' title='bbox 1191 2879 1350 2958; x_wconf 74' lang='lat' dir='ltr'>fertilibus</span> <span class='ocrx_word' id='word_1_179' title='bbox 1380 2880 1620 2979; x_wconf 86' lang='lat' dir='ltr'>Speciniinibui</span> <span class='ocrx_word' id='word_1_180' title='bbox 1647 2871 1692 2950; x_wconf 88' lang='lat' dir='ltr'>sat</span> 
     </span>
     <span class='ocr_line' id='line_1_22' title="bbox 173 2975 1692 3083; baseline -0.004 -26"><span class='ocrx_word' id='word_1_181' title='bbox 173 2979 318 3082; x_wconf 80' lang='lat' dir='ltr'>copiosis</span> <span class='ocrx_word' id='word_1_182' title='bbox 350 2977 609 3054; x_wconf 79' lang='lat' dir='ltr'>conueniulculii</span> <span class='ocrx_word' id='word_1_183' title='bbox 643 2990 857 3083; x_wconf 87' lang='lat' dir='ltr'>margineque</span> <span class='ocrx_word' id='word_1_184' title='bbox 883 2989 1014 3081; x_wconf 83' lang='lat' dir='ltr'>integro</span> <span class='ocrx_word' id='word_1_185' title='bbox 1046 2987 1201 3080; x_wconf 33' lang='lat' dir='ltr'>ciuilis..</span> <span class='ocrx_word' id='word_1_186' title='bbox 1237 2983 1353 3056; x_wconf 85' lang='lat' dir='ltr'>Thalli</span> <span class='ocrx_word' id='word_1_187' title='bbox 1382 2986 1478 3080; x_wconf 64' lang='lat' dir='ltr'>color</span> <span class='ocrx_word' id='word_1_188' title='bbox 1505 2986 1539 3053; x_wconf 90' lang='lat' dir='ltr'>in</span> <span class='ocrx_word' id='word_1_189' title='bbox 1573 2975 1692 3053; x_wconf 89' lang='lat' dir='ltr'>liccato</span> 
     </span>
     <span class='ocr_line' id='line_1_23' title="bbox 169 3077 1694 3253; baseline -0.003 -95"><span class='ocrx_word' id='word_1_190' title='bbox 169 3089 321 3158; x_wconf 87' lang='lat' dir='ltr'>Licliene</span> <span class='ocrx_word' id='word_1_191' title='bbox 345 3088 453 3253; x_wconf 64' lang='lat' dir='ltr'>sipirtus</span> <span class='ocrx_word' id='word_1_192' title='bbox 483 3087 649 3181; x_wconf 82' lang='lat' dir='ltr'>nigricans</span> <span class='ocrx_word' id='word_1_193' title='bbox 680 3111 781 3186; x_wconf 90' lang='lat' dir='ltr'>quam</span> <span class='ocrx_word' id='word_1_194' title='bbox 806 3091 840 3158; x_wconf 89' lang='lat' dir='ltr'>iii</span> <span class='ocrx_word' id='word_1_195' title='bbox 862 3090 967 3186; x_wconf 89' lang='lat' dir='ltr'>priori</span> <span class='ocrx_word' id='word_1_196' title='bbox 994 3091 1081 3180; x_wconf 83' lang='lat' dir='ltr'>(et),</span> <span class='ocrx_word' id='word_1_197' title='bbox 1113 3080 1295 3158; x_wconf 83' lang='lat' dir='ltr'>luscescena</span> <span class='ocrx_word' id='word_1_198' title='bbox 1322 3087 1541 3184; x_wconf 87' lang='lat' dir='ltr'>utplurimum</span> <span class='ocrx_word' id='word_1_199' title='bbox 1565 3103 1595 3155; x_wconf 85' lang='lat' dir='ltr'>et</span> <span class='ocrx_word' id='word_1_200' title='bbox 1624 3077 1694 3155; x_wconf 88' lang='lat' dir='ltr'>sub·</span> 
     </span>
     <span class='ocr_line' id='line_1_24' title="bbox 173 3206 463 3260; baseline -0.014 0"><span class='ocrx_word' id='word_1_201' title='bbox 173 3206 226 3260; x_wconf 84' lang='lat' dir='ltr'>tua</span> <span class='ocrx_word' id='word_1_202' title='bbox 251 3209 361 3256; x_wconf 86' lang='lat' dir='ltr'>emera</span> <span class='ocrx_word' id='word_1_203' title='bbox 380 3207 463 3257; x_wconf 82' lang='lat' dir='ltr'>rens.</span> 
     </span>
    </p>
   </div>
   <div class='ocr_carea' id='block_1_7' title="bbox 111 3307 1695 3508">
    <p class='ocr_par' dir='ltr' id='par_1_10' title="bbox 111 3307 1695 3508">
     <span class='ocr_line' id='line_1_25' title="bbox 111 3307 1695 3428; baseline -0.006 -40"><span class='ocrx_word' id='word_1_204' title='bbox 111 3315 232 3414; x_wconf 77' lang='lat' dir='ltr'>Figura</span> <span class='ocrx_word' id='word_1_205' title='bbox 264 3309 401 3428; x_wconf 31' lang='lat' dir='ltr'>Dill&#39;enii</span> <span class='ocrx_word' id='word_1_206' title='bbox 427 3309 499 3381; x_wconf 91' lang='lat' dir='ltr'>licet</span> <span class='ocrx_word' id='word_1_207' title='bbox 522 3333 595 3382; x_wconf 91' lang='lat' dir='ltr'>noo</span> <span class='ocrx_word' id='word_1_208' title='bbox 625 3315 752 3410; x_wconf 83' lang='lat' dir='ltr'>optima</span> <span class='ocrx_word' id='word_1_209' title='bbox 781 3327 891 3386; x_wconf 85' lang='lat' dir='ltr'>tamesi</span> <span class='ocrx_word' id='word_1_210' title='bbox 921 3311 1068 3387; x_wconf 84' lang='lat' dir='ltr'>habiturn</span> <span class='ocrx_word' id='word_1_211' title='bbox 1093 3310 1183 3386; x_wconf 83' lang='lat' dir='ltr'>thalli</span> <span class='ocrx_word' id='word_1_212' title='bbox 1207 3307 1464 3414; x_wconf 87' lang='lat' dir='ltr'>quodammodo</span> <span class='ocrx_word' id='word_1_213' title='bbox 1491 3311 1695 3384; x_wconf 83' lang='lat' dir='ltr'>convenieti-</span> 
     </span>
     <span class='ocr_line' id='line_1_26' title="bbox 174 3430 420 3508; baseline -0.012 -22"><span class='ocrx_word' id='word_1_214' title='bbox 174 3435 223 3486; x_wconf 85' lang='lat' dir='ltr'>ter</span> <span class='ocrx_word' id='word_1_215' title='bbox 251 3430 420 3508; x_wconf 80' lang='lat' dir='ltr'>exprimit.</span> 
     </span>
    </p>
   </div>
   <div class='ocr_carea' id='block_1_8' title="bbox 12 3559 1751 3867">
    <p class='ocr_par' dir='ltr' id='par_1_11' title="bbox 12 3559 1751 3867">
     <span class='ocr_line' id='line_1_27' title="bbox 12 3559 1693 3667; baseline -0.004 -29"><span class='ocrx_word' id='word_1_216' title='bbox 12 3653 13 3658; x_wconf 5' lang='grc' dir='ltr'>ἵ</span> <span class='ocrx_word' id='word_1_217' title='bbox 86 3591 123 3659; x_wconf 71' lang='grc' dir='ltr'>γ.</span> <span class='ocrx_word' id='word_1_218' title='bbox 154 3559 510 3667; x_wconf 81' lang='lat' dir='ltr'>C.jarobotaefulitttrt:</span> <span class='ocrx_word' id='word_1_219' title='bbox 547 3559 633 3637; x_wconf 85' lang='lat' dir='ltr'>lobia</span> <span class='ocrx_word' id='word_1_220' title='bbox 661 3559 829 3660; x_wconf 83' lang='lat' dir='ltr'>profunde</span> <span class='ocrx_word' id='word_1_221' title='bbox 851 3564 1030 3648; x_wconf 86' lang='lat' dir='ltr'>laciniatis,</span> <span class='ocrx_word' id='word_1_222' title='bbox 1065 3564 1190 3640; x_wconf 85' lang='lat' dir='ltr'>laciniis</span> <span class='ocrx_word' id='word_1_223' title='bbox 1217 3563 1330 3636; x_wconf 75' lang='lat' dir='ltr'>ssridlii</span> <span class='ocrx_word' id='word_1_224' title='bbox 1364 3559 1562 3636; x_wconf 83' lang='lat' dir='ltr'>radiantibus</span> <span class='ocrx_word' id='word_1_225' title='bbox 1588 3585 1693 3664; x_wconf 85' lang='lat' dir='ltr'>angu-</span> 
     </span>
     <span class='ocr_line' id='line_1_28' title="bbox 138 3657 1696 3766; baseline -0.008 -24"><span class='ocrx_word' id='word_1_226' title='bbox 138 3667 191 3742; x_wconf 80' lang='lat' dir='ltr'>ilis</span> <span class='ocrx_word' id='word_1_227' title='bbox 213 3666 376 3760; x_wconf 88' lang='lat' dir='ltr'>elongaris</span> <span class='ocrx_word' id='word_1_228' title='bbox 407 3657 590 3736; x_wconf 78' lang='lat' dir='ltr'>extrorsum</span> <span class='ocrx_word' id='word_1_229' title='bbox 612 3663 780 3748; x_wconf 83' lang='lat' dir='ltr'>latioribus</span> <span class='ocrx_word' id='word_1_230' title='bbox 813 3667 987 3764; x_wconf 70' lang='lat' dir='ltr'>laceroque</span> <span class='ocrx_word' id='word_1_231' title='bbox 1012 3667 1215 3765; x_wconf 85' lang='lat' dir='ltr'>pinnatifidia</span> <span class='ocrx_word' id='word_1_232' title='bbox 1246 3671 1448 3766; x_wconf 79' lang='lat' dir='ltr'>marginibus</span> <span class='ocrx_word' id='word_1_233' title='bbox 1469 3663 1601 3746; x_wconf 79' lang='lat' dir='ltr'>eleuatis</span> <span class='ocrx_word' id='word_1_234' title='bbox 1632 3667 1696 3735; x_wconf 89' lang='lat' dir='ltr'>cri.</span> 
     </span>
     <span class='ocr_line' id='line_1_29' title="bbox 137 3760 1751 3867; baseline -0.001 -26"><span class='ocrx_word' id='word_1_235' title='bbox 137 3765 225 3867; x_wconf 81' lang='lat' dir='ltr'>spis3</span> <span class='ocrx_word' id='word_1_236' title='bbox 253 3765 433 3862; x_wconf 83' lang='lat' dir='ltr'>apotheciie</span> <span class='ocrx_word' id='word_1_237' title='bbox 461 3765 715 3862; x_wconf 75' lang='lat' dir='ltr'>marginalibus,</span> <span class='ocrx_word' id='word_1_238' title='bbox 740 3775 895 3860; x_wconf 85' lang='lat' dir='ltr'>margine</span> <span class='ocrx_word' id='word_1_239' title='bbox 919 3763 1118 3866; x_wconf 85' lang='lat' dir='ltr'>lubintegto.</span> <span class='ocrx_word' id='word_1_240' title='bbox 1746 3760 1751 3774; x_wconf 70' lang='grc'><strong>”</strong></span> 
     </span>
    </p>
   </div>
   <div class='ocr_carea' id='block_1_9' title="bbox 109 3881 1415 4232">
    <p class='ocr_par' dir='ltr' id='par_1_12' title="bbox 109 3881 1415 4232">
     <span class='ocr_line' id='line_1_30' title="bbox 112 3881 1118 4006; baseline 0.002 -38"><span class='ocrx_word' id='word_1_241' title='bbox 112 3895 242 3968; x_wconf 85' lang='lat' dir='ltr'>Lichen</span> <span class='ocrx_word' id='word_1_242' title='bbox 267 3881 553 4006; x_wconf 71' lang='lat' dir='ltr'>jacobaeaei&#39;oliua.</span> <span class='ocrx_word' id='word_1_243' title='bbox 603 3891 751 3963; x_wconf 71' lang='lat' dir='ltr'>scirtii.</span> <span class='ocrx_word' id='word_1_244' title='bbox 776 3896 828 3966; x_wconf 83' lang='lat' dir='ltr'>Fi.</span> <span class='ocrx_word' id='word_1_245' title='bbox 855 3897 980 3968; x_wconf 81' lang='lat' dir='ltr'>Bauer.</span> <span class='ocrx_word' id='word_1_246' title='bbox 1005 3919 1041 3988; x_wconf 83' lang='lat' dir='ltr'>p.</span> <span class='ocrx_word' id='word_1_247' title='bbox 1049 3913 1118 3984; x_wconf 70' lang='lat'>530.</span> 
     </span>
     <span class='ocr_line' id='line_1_31' title="bbox 109 4007 1415 4118; baseline 0 -24"><span class='ocrx_word' id='word_1_248' title='bbox 109 4021 238 4118; x_wconf 75' lang='lat' dir='ltr'>lichen</span> <span class='ocrx_word' id='word_1_249' title='bbox 259 4009 456 4088; x_wconf 84' lang='lat' dir='ltr'>multifidus.</span> <span class='ocrx_word' id='word_1_250' title='bbox 505 4007 601 4110; x_wconf 70' lang='lat' dir='ltr'>Scep.</span> <span class='ocrx_word' id='word_1_251' title='bbox 626 4011 725 4093; x_wconf 86' lang='lat' dir='ltr'>Carti.</span> <span class='ocrx_word' id='word_1_252' title='bbox 753 4049 794 4072; x_wconf 89' lang='lat'>-</span> <span class='ocrx_word' id='word_1_253' title='bbox 820 4019 926 4091; x_wconf 82' lang='lat' dir='ltr'>Rtitli.</span> <span class='ocrx_word' id='word_1_254' title='bbox 947 4021 996 4094; x_wconf 79' lang='lat' dir='ltr'>Fr.</span> <span class='ocrx_word' id='word_1_255' title='bbox 1019 4033 1051 4106; x_wconf 69' lang='lat' dir='ltr'>et,</span> <span class='ocrx_word' id='word_1_256' title='bbox 1070 4023 1126 4114; x_wconf 85' lang='lat' dir='ltr'>Sp.</span> <span class='ocrx_word' id='word_1_257' title='bbox 1149 4018 1262 4094; x_wconf 68' lang='lat' dir='ltr'>utari.</span> <span class='ocrx_word' id='word_1_258' title='bbox 1285 4040 1415 4116; x_wconf 65' lang='lat' dir='ltr'>pm.</span> 
     </span>
     <span class='ocr_line' id='line_1_32' title="bbox 109 4139 1041 4232; baseline -0.006 -12"><span class='ocrx_word' id='word_1_259' title='bbox 109 4145 249 4220; x_wconf 79' lang='lat' dir='ltr'>Habitat</span> <span class='ocrx_word' id='word_1_260' title='bbox 274 4145 309 4212; x_wconf 91' lang='lat' dir='ltr'>iri</span> <span class='ocrx_word' id='word_1_261' title='bbox 340 4141 517 4212; x_wconf 84' lang='lat' dir='ltr'>Germania</span> <span class='ocrx_word' id='word_1_262' title='bbox 541 4171 586 4192; x_wconf 92' lang='lat'>··</span> <span class='ocrx_word' id='word_1_263' title='bbox 608 4140 643 4211; x_wconf 91' lang='lat' dir='ltr'>iri</span> <span class='ocrx_word' id='word_1_264' title='bbox 667 4139 840 4232; x_wconf 83' lang='lat' dir='ltr'>Helvetia,</span> <span class='ocrx_word' id='word_1_265' title='bbox 862 4141 1041 4218; x_wconf 65' lang='lat' dir='ltr'>scitarier.</span> 
     </span>
    </p>
   </div>
   <div class='ocr_carea' id='block_1_10' title="bbox 111 4257 1695 4469">
    <p class='ocr_par' dir='ltr' id='par_1_13' title="bbox 111 4257 1695 4469">
     <span class='ocr_line' id='line_1_33' title="bbox 111 4257 1695 4374; baseline -0.007 -30"><span class='ocrx_word' id='word_1_266' title='bbox 111 4272 270 4344; x_wconf 79' lang='lat' dir='ltr'>Laciniae</span> <span class='ocrx_word' id='word_1_267' title='bbox 299 4261 451 4336; x_wconf 74' lang='lat' dir='ltr'>radiatim</span> <span class='ocrx_word' id='word_1_268' title='bbox 478 4257 627 4336; x_wconf 80' lang='lat' dir='ltr'>extensae</span> <span class='ocrx_word' id='word_1_269' title='bbox 654 4267 858 4365; x_wconf 79' lang='lat' dir='ltr'>angustiores</span> <span class='ocrx_word' id='word_1_270' title='bbox 875 4305 899 4358; x_wconf 91' lang='lat'>‚·</span> <span class='ocrx_word' id='word_1_271' title='bbox 932 4273 1039 4368; x_wconf 83' lang='lat' dir='ltr'>ungis</span> <span class='ocrx_word' id='word_1_272' title='bbox 1073 4263 1229 4344; x_wconf 75' lang='lat' dir='ltr'>discretae</span> <span class='ocrx_word' id='word_1_273' title='bbox 1262 4287 1295 4344; x_wconf 87' lang='lat' dir='ltr'>et</span> <span class='ocrx_word' id='word_1_274' title='bbox 1326 4265 1503 4372; x_wconf 77' lang='lat' dir='ltr'>longiores</span> <span class='ocrx_word' id='word_1_275' title='bbox 1530 4293 1631 4374; x_wconf 65' lang='lat' dir='ltr'>quem</span> <span class='ocrx_word' id='word_1_276' title='bbox 1658 4275 1695 4348; x_wconf 66' lang='lat' dir='ltr'>in</span> 
     </span>
     <span class='ocr_line' id='line_1_34' title="bbox 171 4363 691 4469; baseline -0.006 -28"><span class='ocrx_word' id='word_1_277' title='bbox 171 4374 283 4469; x_wconf 88' lang='lat' dir='ltr'>prima</span> <span class='ocrx_word' id='word_1_278' title='bbox 306 4370 363 4459; x_wconf 80' lang='lat' dir='ltr'>(aa)</span> <span class='ocrx_word' id='word_1_279' title='bbox 389 4371 442 4436; x_wconf 91' lang='lat' dir='ltr'>cui</span> <span class='ocrx_word' id='word_1_280' title='bbox 462 4363 540 4438; x_wconf 88' lang='lat' dir='ltr'>alias</span> <span class='ocrx_word' id='word_1_281' title='bbox 567 4363 691 4438; x_wconf 86' lang='lat' dir='ltr'>similia.</span> 
     </span>
    </p>
   </div>
   <div class='ocr_carea' id='block_1_11' title="bbox 84 4497 1784 4914">
    <p class='ocr_par' dir='ltr' id='par_1_14' title="bbox 84 4497 1698 4824">
     <span class='ocr_line' id='line_1_35' title="bbox 84 4497 1697 4622; baseline 0 -28"><span class='ocrx_word' id='word_1_282' title='bbox 84 4508 112 4595; x_wconf 79' lang='lat' dir='ltr'>d.</span> <span class='ocrx_word' id='word_1_283' title='bbox 140 4523 182 4594; x_wconf 89' lang='lat' dir='ltr'>C.</span> <span class='ocrx_word' id='word_1_284' title='bbox 206 4497 354 4612; x_wconf 73' lang='lat' dir='ltr'>crastini:</span> <span class='ocrx_word' id='word_1_285' title='bbox 388 4513 474 4588; x_wconf 88' lang='lat' dir='ltr'>lobia</span> <span class='ocrx_word' id='word_1_286' title='bbox 500 4506 820 4604; x_wconf 49' lang='lat' dir='ltr'>lacero-laciniatim</span> <span class='ocrx_word' id='word_1_287' title='bbox 848 4519 974 4594; x_wconf 88' lang='lat' dir='ltr'>laciniis</span> <span class='ocrx_word' id='word_1_288' title='bbox 999 4517 1229 4618; x_wconf 85' lang='lat' dir='ltr'>angulliffiinis</span> <span class='ocrx_word' id='word_1_289' title='bbox 1257 4515 1577 4622; x_wconf 79' lang='lat' dir='ltr'>siolo-multifidis,</span> <span class='ocrx_word' id='word_1_290' title='bbox 1609 4554 1697 4604; x_wconf 68' lang='lat' dir='ltr'>mer.</span> 
     </span>
     <span class='ocr_line' id='line_1_36' title="bbox 133 4610 1698 4735; baseline 0.008 -45"><span class='ocrx_word' id='word_1_291' title='bbox 133 4621 274 4720; x_wconf 80' lang='lat' dir='ltr'>ginibut</span> <span class='ocrx_word' id='word_1_292' title='bbox 296 4610 546 4716; x_wconf 83' lang='lat' dir='ltr'>subgranulatis,</span> <span class='ocrx_word' id='word_1_293' title='bbox 571 4615 974 4722; x_wconf 79' lang='lat' dir='ltr'>flexuoso-&#39;complicatis3</span> <span class='ocrx_word' id='word_1_294' title='bbox 1000 4627 1178 4720; x_wconf 83' lang='lat' dir='ltr'>apotheciia</span> <span class='ocrx_word' id='word_1_295' title='bbox 1200 4617 1314 4723; x_wconf 71' lang='lat' dir='ltr'>sparsit</span> <span class='ocrx_word' id='word_1_296' title='bbox 1332 4619 1698 4735; x_wconf 82' lang='lat' dir='ltr'>submergiualibuique</span> 
     </span>
     <span class='ocr_line' id='line_1_37' title="bbox 133 4711 739 4824; baseline 0.002 -27"><span class='ocrx_word' id='word_1_297' title='bbox 133 4711 391 4824; x_wconf 83' lang='lat' dir='ltr'>planii&#39;lulcii,</span> <span class='ocrx_word' id='word_1_298' title='bbox 416 4722 567 4818; x_wconf 83' lang='lat' dir='ltr'>margine</span> <span class='ocrx_word' id='word_1_299' title='bbox 595 4723 739 4822; x_wconf 78' lang='lat' dir='ltr'>integre.</span> 
     </span>
    </p>

    <p class='ocr_par' dir='ltr' id='par_1_15' title="bbox 940 4823 1784 4914">
     <span class='ocr_line' id='line_1_38' title="bbox 940 4823 1784 4914; baseline -0.006 2"><span class='ocrx_word' id='word_1_300' title='bbox 940 4823 1157 4914; x_wconf 67' lang='lat' dir='ltr'>Mmmmi</span> <span class='ocrx_word' id='word_1_301' title='bbox 1453 4839 1457 4849; x_wconf 82' lang='grc'><em>“</em></span> <span class='ocrx_word' id='word_1_302' title='bbox 1558 4835 1699 4912; x_wconf 78' lang='lat' dir='ltr'>Habitat</span> <span class='ocrx_word' id='word_1_303' title='bbox 1781 4860 1784 4873; x_wconf 93' lang='lat'>·</span> 
     </span>
    </p>
   </div>
   <div class='ocr_carea' id='block_1_12' title="bbox 0 0 2188 5522">
    <p class='ocr_par' dir='ltr' id='par_1_16' title="bbox 0 0 2188 5522">
     <span class='ocr_line' id='line_1_39' title="bbox 0 0 2188 5522; baseline 0 0"><span class='ocrx_word' id='word_1_304' title='bbox 0 0 2188 5522; x_wconf 95' lang='lat' dir='ltr'> </span> 
     </span>
    </p>
   </div>
  </div>
 </body>
</html>
