4338 5534
450 475 521 542 162
1074 485 1234 539 recinet
1267 457 1445 534 Catillaria.

554 656 771 760 scriptionem
790 665 824 736 in
841 659 889 740 Pl.
909 663 1026 758 Crypt.
1040 609 1148 756 'pbritt
1172 654 1260 735 fasc.
1275 679 1305 750 3.
1328 685 1360 759 p.
1376 681 1431 752 14.
1462 605 1572 732 datam
1600 664 1847 736 Lecannrae
1868 657 1987 762 speeies
2007 665 2098 750 erit)

555 763 676 857 'injuste
703 785 738 834 nt
763 768 981 844 variationem
1007 756 1082 834 suae
1102 761 1279 836 Verrnc.
1307 765 1535 834 coracinet
1560 758 1712 860 allegall'e
1738 759 1964 838 Clarillitnnm
1988 760 2095 836 Hoff-

561 891 653 958 attan.
722 867 859 952 Tamen
879 859 921 936 tle
952 859 1057 962 specie
1082 855 1421 936 Dicltsonii.tlnbintn
1451 883 1583 948 manet,
1618 891 1696 938 nam
1723 890 1789 958 ego
1812 861 2096 964 speciminnlnm.

561 965 654 1141 pund
674 971 812 1039 nomine
835 969 1031 1086 Licbenia
1055 968 1327 1037 atrocinerei
1347 959 1415 1066 ipse
1434 961 1581 1040 Dieklon
1605 961 1788 1068 inscripfit,
1813 965 1902 1058 vidi,
1928 993 2095 1070 perquam

589 1067 668 1186 nnle
693 1071 981 1141 Verrncartae
1007 1059 1253 1142 telsnlatae.

455 1297 514 1374 14.
542 1271 756 1352 LECiDEA
784 1269 1006 1360 atroalba.
1036 1297 1074 1347 ot.

499 1405 538 1477 L.
562 1401 666 1474 etnlia
682 1395 783 1473 effusa
801 1395 986 1471 tennillime
1001 1394 1122 1470 rimosa
1145 1417 1235 1482 atta,
1260 1396 1379 1472 areolit
1402 1395 1475 1472 aliia
1498 1397 1858 1474 convexo-verrutobt
1874 1399 2092 1475 albicantibus

484 1577 488 1588 „
562 1498 730 1616 adspersu
756 1505 936 1600 apotheciia
953 1495 1351 1599 plano-convexinsculis
1367 1507 1526 1576 immixtis
1546 1495 1646 1590 atrirj
1667 1507 1754 1576 intua
1776 1503 2027 1581 concolotibnt.

443 1615 470 1741 ἰ
502 1627 643 1704 Lecidea
658 1613 829 1702 atro-alla
851 1627 970 1701 Arbar.
988 1629 1093 1702 Mitt.
1114 1629 1200 1702 Ltct.
1219 1655 1256 1724 p.
1266 1650 1318 1716 45.

416 1769 424 1784 “
500 1755 809 1868 Lipben'atroalbna
824 1757 920 1826 Linn.
950 1789 998 1808 -
1025 1755 1143 1826 Aciar.
1160 1755 1348 1852 Litltenogt.
1367 1757 1455 1834 Sntt.
1477 1753 1606 1833 Prode.
1635 1781 1669 1850 ρ.
1680 1760 1728 1848 65.

340 1917 348 1928 ·
502 1882 639 1954 Habitat
656 1886 690 1951 itt
707 1873 792 1965 laxis
809 1881 967 1966 sveciae,
990 1879 1208 1978 Certumne,
1235 1879 1428 1962 Helvetiae,
1453 1881 1598 1962 Galliae,
1628 1883 1776 1979 Angliae.

317 2038 319 2049 ·
379 2073 385 2092 ,
504 1985 820 2084 Subicnlnmatrnnt
837 2025 934 2076 tenne
950 2001 1152 2077 ernllaee'nm
1169 2001 1314 2100 lapidem
1330 2028 1443 2100 tegens
1459 2010 1493 2078 in
1511 2011 1571 2080 bac
1588 2003 1691 2106 speeie
1709 2029 1742 2080 ut
1766 2012 1800 2082 in
1820 2006 1960 2085 Leeid.
1982 2017 2093 2085 at'rn·

567 2115 732 2182 virente
754 2131 784 2180 et
806 2111 1026 2180 Leeanora
1050 2100 1173 2178 fusco
1191 2127 1305 2178 -atra
1337 2104 1461 2203 profert
1484 2110 1609 2182 areolae
1635 2109 1686 2182 vel
1711 2111 1897 2190 verruculae
1921 2113 2000 2186 aliar
2030 2139 2090 2210 pto

569 2207 695 2284 diversa
720 2231 822 2282 aetate
847 2210 920 2306 plut
945 2213 1053 2280 minna
1075 2210 1163 2280 albat
1182 2231 1346 2282 convertat
1365 2231 1398 2281 nt
1421 2205 1624 2308 frequentet,
1651 2233 1760 2282 totnnt
1781 2213 1964 2312 aliqnando
1988 2219 2090 2288 hocce

568 2309 752 2388 subicnlnm
770 2334 877 2383 atrum
894 2311 1114 2388 obliterantet.
1178 2311 1268 2382 Intra
1286 2337 1434 2384 verrucas
1451 2317 1623 2412 apothecia
1638 2319 1821 2411 marginata
1842 2319 1945 2388 tarint
1966 2320 2000 2389 in
2022 2311 2090 2416 ipso

570 2411 719 2489 subicnlo
742 2409 865 2486 sell'tlia.

505 2547 546 2619 ln
571 2539 803 2642 speciminibus
824 2537 899 2622 aliia,
918 2537 1048 2610 areolae
1068 2536 1184 2636 planae
1203 2536 1318 2611 albido
1330 2585 1341 2600 ·
1354 2493 1595 2611 circuierunt*
1613 2543 1727 2638 nigro·
1741 2534 2004 2642 submerginatae
2018 2569 2089 2618 eta·

569 2645 652 2720 liant
668 2665 854 2744 occupant,
887 2637 940 2714 sed
968 2633 1109 2713 lnccellu
1137 2647 1296 2741 temporit
1314 2639 1487 2714 'elevantur
1508 2640 1705 2742 plerumque
1727 2667 1915 2738 contexat,
1948 2651 2089 2720 verenti·

570 2743 698 2822 formet
725 2767 758 2819 et
781 2747 889 2844 magia
915 2743 1006 2816 albae
1033 2743 1153 2820 finan„
1288 2759 1294 2770 ’
1935 2767 1942 2779 ·

484 2889 524 2986 β.
555 2903 597 2976 L.
603 2899 794 2994 fimbriata.-
816 2891 920 2966 crulla
935 2893 1114 2968 orbiculari
1134 2895 1225 2967 tenni
1243 2911 1312 2966 atra
1331 2897 1476 2968 terracia
1497 2890 1772 2969 cinerascentibnt
1788 2887 1938 2996 adspersa
1961 2899 1998 2970 in
2022 2921 2091 2972 am·

538 3001 607 3072 bitu
628 2995 770 3071 radiato·
787 2997 962 3071 fimbriata.

512 3127 750 3222 Rhizoearpon
765 3118 922 3196 conferva
938 3122 1144 3206 Desinant„
1160 3109 1293 3218 stettttdss
1315 3124 1496 3214 Dnsottrin
1513 3127 1598 3199 Lat.
1649 3075 1660 3218 ‚l

511 3254 647 3326 Habitat
662 3254 697 3324 in
712 3255 861 3332 Qnattzo
874 3267 906 3322 et
921 3233 1095 3320 (luriffimir
1113 3251 1211 3343 pettit
1230 3249 1381 3336 Sveeiae,
1406 3247 1544 3322 Galliae.
2166 3251 2167 3315 l

514 3373 689 3474 Ejusmodi
704 3373 862 3474 elegantia
879 3369 1002 3445 crnliae
1018 3369 1266 3446 ramilicationit
1287 3371 1440 3472 exempla
1456 3375 1611 3472 praebe'nt
1626 3375 1847 3451 beennon
1864 3381 2088 3454 Swartzia·

576 3503 648 3561 na,
673 3479 821 3550 Leean.
843 3469 1114 3546 fulco-attae
1139 3478 1273 3546 varietas
1299 3473 1562 3564 dendritiea,
1585 3478 1866 3552 Urceoleriae
1890 3475 2088 3578 gibbnl'ae

578 3582 714 3651 varietas
736 3573 962 3648 fimbriata
985 3592 1017 3647 et
1038 3570 1241 3647 becideae
1264 3568 1453 3673 petra‘eae
1472 3583 1606 3649 varietas
1624 3577 1813 3670 radiant,
1837 3581 1981 3657 modum
1998 3607 2088 3684 aege·

577 3683 710 3756 tationis
725 3673 951 3777 quorumdam
973 3673 1160 3773 lichenum
1174 3677 1418 3752 trullaeeotnm
1435 3679 1637 3758 illustrantia.

490 3851 528 3921 γ.
557 3835 598 3906 L.
621 3845 787 3904 contrata:
816 3825 937 3900 areolis
961 3821 1403 3926 cinereo-glanceseentibnt
1422 3815 1635 3930 planinsenlis
1657 3827 1825 3934 angulofis
1845 3837 2089 3936 approximant,

540 3927 729 4006 subienlnm
749 3951 858 4002 atrum
870 3924 1182 4042 'lnbobtegentibna

428 4081 439 4096 ·
514 4061 650 4136 Habitat
669 4053 711 4132 atl
730 4050 805 4130 saxa
823 4058 859 4132 in
883 4053 1046 4132 montefia
1067 4059 1215 4132 sveciae.

514 4185 631 4262 Ctnlla
653 4189 812 4284 incipient
830 4188 1015 4257 tennieatra
1031 4204 1065 4255 nt
1085 4186 1120 4254 in
1138 4177 1345 4282 praecedenti
1362 4185 1428 4277 (tt)
1447 4203 1547 4283 atque
1562 4186 1663 4256 etiam
1686 4180 1723 4259 ln
1740 4185 1866 4259 ambitu
1880 4185 2043 4261 limbriatt
2059 4203 2091 4256 nt

576 4293 614 4358 in
632 4293 783 4360 varietate
798 4279 888 4377 (Β),
913 4280 969 4357 sed
990 4285 1068 4356 loco
1081 4304 1296 4358 verrucarum
1318 4309 1352 4360 nt
1375 4293 1409 4358 in
1430 4289 1501 4370 bia,
1526 4287 1656 4356 areolae
1666 4287 1794 4460 planae
1813 4289 1863 4360 vel
1883 4317 2003 4389 parum
2017 4313 2089 4362 con·

576 4413 679 4468 aerae
703 4394 973 4486 approximante,
1011 4384 1098 4458 aden
1129 4409 1166 4460 nt
1188 4387 1331 4460 crullatn
1355 4390 1553 4486 laevigatam
1575 4393 1663 4460 tinto
1699 4415 1737 4462 tn
1754 4387 1888 4466 efficere
1914 4391 2090 4470 videatne.

580 4491 761 4588 Apotbeeia
777 4495 814 4560 in
830 4486 915 4561 hisee
933 4487 1050 4561 areolis
1064 4481 1179 4561 lell'tlia
1199 4509 1296 4586 atque
1311 4493 1410 4562 etiam
1431 4495 1516 4562 inter
1533 4515 1589 4561 eae
1605 4485 1731 4588 sparsa..

517 4611 590 4696 Nili
604 4635 723 4690 attente
739 4609 928 4690 observatur
944 4611 1043 4690 facile
1059 4638 1125 4716 pro
1140 4611 1205 4689 alia
1217 4608 1325 4715 specie
1341 4639 1381 4688 ex
1397 4609 1479 4692 fatie
1496 4619 1683 4696 baberetur.
