4342 5540
780 409 1056 501 anatoliani.

155 607 380 688 Tbelotrema
396 607 588 715 lepadinum
607 638 677 702 aar.
694 605 735 700 β.
754 617 944 698 babianum.
971 621 1098 702 Actor.
1117 627 1221 700 Meti.
1240 629 1329 704 Licin.
1353 655 1390 726 p.
1406 653 1466 723 ¹32·

154 740 291 814 Habitat
304 745 340 814 in
357 746 479 816 cortice
496 745 692 828 Cincbonae
711 741 873 826 Brallliae.

153 869 321 940 verrucae
336 889 377 944 2·
392 890 416 957 3!
428 890 499 941 aton
519 893 594 940 raro
612 868 818 944 confluentes
837 891 870 946 et
883 898 995 946 earum
1010 896 1179 970 aperturae
1196 877 1322 954 olliolia
1342 880 1476 978 pertulit
1494 891 1630 962 minutis
1648 888 1736 968 fimi.

165 967 171 976 “
210 967 272 1043 lec
325 969 506 1044 Thalamia
533 975 716 1042 maximam
736 993 860 1071 partem
883 971 975 1076 spatii
1000 981 1165 1052 interioris
1188 985 1336 1082 replent,
1368 983 1490 1061 eodem
1514 991 1621 1066 modo
1644 1019 1737 1071 com·

213 1087 325 1168 parata
343 1091 379 1144 ut
396 1078 430 1146 iu
446 1071 660 1146 antecedente
677 1075 755 1165 (a).
1444 1115 1454 1124 ·
1625 1113 1630 1132 ·

128 1217 163 1288 γ.
196 1201 233 1276 Τ.
246 1197 498 1294 seutellasormt:
518 1197 623 1271 cruila
643 1192 836 1272 subtartarea
859 1201 1056 1301 inaequabili
1079 1205 1327 1304 pulverulentaa
1354 1213 1606 1309 apotheciorum
1623 1217 1736 1296 verru·
1817 1199 1819 1206 Ι

173 1303 218 1372 cia
234 1325 353 1400 parum
367 1299 515 1388 elevatio,
542 1319 690 1398 apertura
710 1299 860 1401 dilatata,
887 1311 1037 1405 margine
1058 1327 1210 1384 tomento
1229 1308 1332 1386 crailo
1345 1315 1463 1391 cincta.

152 1427 284 1500 Habitat
307 1423 348 1500 ad
372 1424 446 1501 l'axa
466 1428 619 1526 Angliae,
652 1429 790 1508 Tarm,

47 1635 52 1642 ,
153 1563 182 1628 lb
204 1547 337 1627 diverso
358 1553 436 1628 loco
459 1547 623 1636 crescendi
649 1555 729 1628 baec
751 1558 887 1630 uarietat
911 1561 958 1630 uti
982 1552 1112 1631 videtur
1134 1579 1206 1633 orta
1223 1559 1287 1648 cll,
1315 1589 1377 1638 nec
1394 1584 1430 1637 ut
1449 1560 1568 1666 speclea
1583 1567 1731 1651 dilliudla

208 1653 470 1748 coufideranda,
493 1681 572 1730 narn
588 1653 769 1732 ferefimili
789 1655 899 1732 modo
920 1685 978 1758 per
996 1677 1135 1734 aetatem
1153 1683 1299 1736 mutatur
1316 1663 1440 1740 candae
1453 1667 1580 1745 indolet
1598 1692 1631 1748 et
1650 1700 1732 1774 apo.

209 1763 395 1834 theciorum
417 1757 531 1833 sorana
553 1764 586 1834 iu
609 1753 681 1859 ipsu
705 1762 781 1836 Th.
804 1759 1008 1860 lepadino
1034 1788 1071 1838 aa.
1104 1767 1147 1818 -’
1204 1764 1325 1850 Qu'uad
1350 1767 1544 1846 thalamium
1565 1800 1641 1848 cum
1664 1784 1730 1852 hoc

210 1857 356 1961 perfecte
374 1861 529 1960 quadrat,
561 1858 615 1936 sed
637 1888 739 1963 quum
761 1889 916 1938 verrucae
937 1869 1048 1940 tatinus
1067 1865 1211 1941 elevatae
1233 1864 1296 1942 sunt
1319 1873 1419 1946 etiam
1445 1867 1587 1973 spatium
1611 1902 1729 1971 eorum

207 1970 344 2039 interius
365 1969 471 2063 magia
484 1963 562 2038 inde
581 1965 740 2064 repletum
759 1971 915 2044 cernitur.
1623 1975 1630 1991 '

150 2091 271 2164 Similia
287 2090 567 2166 Urceolariae
586 2077 818 2196 scruposae
840 2092 994 2177 aetoliae.

102 2259 135 2320 2.
159 2241 496 2320 THELOTREMA
523 2244 975 2326 exanthematicum.'

147 2345 194 2420 T.
217 2345 322 2418 crulla
347 2365 479 2420 tartarea
501 2353 592 2420 tenui
614 2355 771 2450 contigua
788 2348 1025 2440 cinerescentea
1058 2349 1310 2451 apotheciorum
1334 2355 1480 2426 verrucis
1500 2361 1656 2430 convexit
1679 2353 1727 2433 se·
1805 2354 1811 2362 ’

202 2445 416 2522 miimmerlie
436 2448 669 2538 albidioribus,
709 2457 859 2552 margine
879 2452 1008 2529 radiato
1026 2447 1153 2528 rimoso
1180 2450 1312 2528 tumido
1338 2449 1555 2558 subvectum,
1587 2455 1726 2537 demum
1859 2535 1864 2546 ,

206 2553 370 2623 hiantibus
385 2548 493 2624 fundo
508 2550 852 2657 carneofllutescente.¹
1135 2624 1139 2632 ,

143 2651 334 2728 Urceolaria
351 2657 619 2732 exanthematica.
647 2659 767 2732 Arbor.
783 2656 887 2732 Mati.
903 2660 992 2734 Licb.
1015 2669 1051 2752 p.
1061 2660 1128 2746 146.
1822 2731 1827 2738 .

143 2758 266 2828 Licbeu
283 2759 572 2832 exanthematicua.
592 2759 702 2833 Smiti.
713 2761 790 2832 Ali.
800 2763 866 2834 Sue.
879 2755 980 2836 Lim.
992 2783 1015 2832 1.
1032 2793 1073 2815 -
1099 2755 1183 2835 Act.
1195 2759 1386 2860 Licienogr.
1397 2761 1482 2838 Suae.
1497 2763 1619 2839 Prode.
1630 2792 1663 2863 p.
1672 2789 1725 2860 35.

144 2861 265 2932 lichen
281 2855 419 2956 clausus.
442 2860 566 2957 Hoffm.
585 2863 707 2934 Enetos(
724 2857 813 2938 Liria.
836 2888 872 2956 p.
884 2877 941 2952 48.

143 2961 269 3034 Licben
290 2959 447 3035 volvatur.
476 2964 600 3038 Villars
620 2969 674 3038 Fi.
693 2967 848 3060 Detpttn.

141 3066 188 3146 lc.
214 3061 290 3138 Adi.
371 3069 494 3140 .Linn.
518 3091 542 3140 r.
569 3067 609 3141 Τ.
623 3092 657 3154 4.
673 3069 743 3160 s.t.
770 3103 820 3122 -
853 3064 951 3162 Engl.
965 3065 1044 3141 Boe.
1069 3063 1202 3152 zum.
1232 3101 1281 3138 -c
1310 3066 1436 3142 Vtilars
1449 3072 1472 3146 1.
1492 3093 1518 3144 c.
1548 3067 1644 3159 T.55.
1672 3105 1723 3132 ··

207 3171 288 3241 Tol.
372 3171 455 3250 rn6.
479 3172 595 3266 lige.
611 3171 717 3266 quoad
729 3170 921 3264 apollinium
936 3191 977 3242 m.
993 3193 1054 3276 ⁰·,
1213 3207 1218 3218 ·
1832 3186 1838 3194 ·

139 3295 275 3370 Habitat
290 3297 326 3367 in
342 3291 478 3394 rupibus
495 3285 683 3393 praesertim
699 3292 843 3368 calcariis
863 3291 1023 3390 Angliae,
1042 3293 1265 3388 Germaniae,
1293 3292 1486 3381 Helvetiae,
1515 3296 1636 3373 ltaliae.
1682 3343 1689 3350 -

137 3407 258 3498 cratia
273 3423 379 3494 tenuia
393 3423 484 3495 conti
512 3446 551 3493 ua
565 3417 707 3494 albicant
725 3417 870 3495 demum·
886 3422 1014 3492 cinerea
1036 3437 1069 3492 et
1089 3413 1275 3516 nigrescent
1296 3443 1365 3492 nnn
1391 3420 1559 3522 laevigata.
1614 3419 1719 3497 Malia

197 3522 369 3624 proligcra
398 3445 522 3597 inclula
548 3517 603 3596 seu
624 3521 818 3600 thalamium
840 3545 956 3620 parum
978 3515 1201 3620 compreffum
1226 3515 1249 3596 s.
1272 3519 1483 3608 lenticulare,
1522 3546 1629 3600 tutum
1650 3523 1719 3624 spa·

197 3631 285 3700 tium
310 3629 395 3700 intra
425 3651 593 3700 verrucam
615 3626 719 3720 replet
741 3629 773 3698 in
799 3623 877 3698 llatu
899 3617 1048 3721 perfcdlo
1070 3641 1103 3695 et
1127 3619 1287 3706 humido,
1314 3618 1367 3696 lcd
1386 3651 1443 3724 per
1457 3647 1595 3700 aetatem
1617 3647 1648 3700 et
1665 3655 1717 3702 ex·

82 3779 92 3796 ·
193 3727 375 3806 siccatione
397 3725 570 3801 collabitur
591 3745 623 3800 et
650 3721 819 3802 marcescit
842 3745 876 3798 ut
902 3731 936 3798 in
965 3727 1043 3798 Tb.
1063 3721 1267 3820 lepadino
1290 3746 1387 3824 atque
1408 3721 1575 3800 difformis
1597 3727 1717 3806 euadit.

197 3831 353 3932 Gongyli
379 3835 463 3904 intra
483 3829 637 3902 nucleum
658 3827 779 3902 eodem
801 3821 908 3902 niodo
931 3826 1067 3899 lltiatim
1092 3822 1237 3924 dispositi
1259 3849 1297 3900 ut
1315 3833 1349 3900 in
1369 3828 1429 3902 illo
1453 3849 1487 3902 et
1501 3830 1636 3906 nucleus
1658 3835 1719 3903 ibi·
1859 3921 1866 3932 ἢ
2015 3909 2017 3916 y

195 3937 277 4012 dem
298 3935 479 4036 perithecio
495 3925 636 4004 inclusus
655 3931 699 4004 cll
718 3931 971 4004 membranaceo
988 3927 1127 4002 demum
1144 3925 1239 4029 supra
1254 3951 1441 4031 rumpente.
1491 4020 1493 4022 ,

136 4065 309 4142 Peritbecii
329 4079 444 4134 natura
465 4085 482 4131 a
506 4043 737 4152 Pyrenulie
758 4061 901 4131 omnino
926 4049 1039 4129 differt
1058 4063 1103 4128 uti
1127 4061 1225 4129 etiam
1244 4052 1386 4129 absentia
1409 4055 1549 4159 papillae
1567 4077 1597 4131 et
1616 4058 1715 4133 cello.

196 4169 324 4252 larum,
350 4161 428 4235 alica
448 4165 496 4236 luit
511 4165 702 4258 proximum
720 4159 818 4237 foret.
845 4196 886 4216 -
925 4159 1051 4234 Habitu
1066 4177 1098 4232 et
1113 4156 1224 4231 indole
1240 4164 1409 4257 apotltecii
1423 4181 1489 4234 tam
1505 4161 1545 4234 ab
1558 4165 1714 4237 Urceo-

197 4261 446 4366 lariie‘quam
469 4265 698 4338 Lecanoria
726 4261 822 4337 valde
847 4255 1034 4353 diversum,
1067 4256 1120 4333 led
1151 4261 1297 4358 pluribua
1322 4264 1409 4334 notia
1434 4287 1512 4336 cum
1536 4264 1715 4340 Tbelotre·

196 4395 285 4450 mate
308 4371 487 4458 convenit,
523 4364 614 4440 unde
639 4392 710 4441 non
733 4364 879 4440 dubitavi
901 4363 943 4438 ad
965 4369 1032 4438 hoc
1054 4365 1166 4436 Genua
1190 4367 1236 4437 uti
1261 4364 1609 4444 convenientiffinun
1629 4374 1714 4445 inter

198 4486 266 4577 jam
281 4494 379 4563 uota,
406 4475 490 4588 banc
507 4465 648 4571 speciem
668 4465 803 4544 teletae.-
