<?xml version="1.0" encoding="UTF-8"?>
<!DOCTYPE html PUBLIC "-//W3C//DTD XHTML 1.0 Transitional//EN"
    "http://www.w3.org/TR/xhtml1/DTD/xhtml1-transitional.dtd">
<html xmlns="http://www.w3.org/1999/xhtml" xml:lang="en" lang="en">
 <head>
  <title>
</title>
<meta http-equiv="Content-Type" content="text/html;charset=utf-8" />
  <meta name='ocr-system' content='tesseract 3.04.00' />
  <meta name='ocr-capabilities' content='ocr_page ocr_carea ocr_par ocr_line ocrx_word'/>
</head>
<body>
  <div class='ocr_page' id='page_1' title='image "./lichenographiau00achagoog_0097.png"; bbox 0 0 4430 5530; ppageno 0'>
   <div class='ocr_carea' id='block_1_1' title="bbox 438 379 1337 462">
    <p class='ocr_par' dir='ltr' id='par_1_1' title="bbox 438 379 1337 462">
     <span class='ocr_line' id='line_1_1' title="bbox 438 379 1337 462; baseline -0.017 -15"><span class='ocrx_word' id='word_1_1' title='bbox 438 385 488 462; x_wconf 76' lang='lat'>72</span> <span class='ocrx_word' id='word_1_2' title='bbox 1162 379 1337 436; x_wconf 72' lang='lat' dir='ltr'>rancura:</span> 
     </span>
    </p>
   </div>
   <div class='ocr_carea' id='block_1_2' title="bbox 438 549 2208 772">
    <p class='ocr_par' dir='ltr' id='par_1_2' title="bbox 438 549 2208 772">
     <span class='ocr_line' id='line_1_2' title="bbox 438 549 2208 662; baseline -0.008 -16"><span class='ocrx_word' id='word_1_3' title='bbox 438 571 536 646; x_wconf 84' lang='lat' dir='ltr'>mitra</span> <span class='ocrx_word' id='word_1_4' title='bbox 562 561 725 662; x_wconf 82' lang='lat' dir='ltr'>apothecii</span> <span class='ocrx_word' id='word_1_5' title='bbox 748 553 772 634; x_wconf 82' lang='lat' dir='ltr'>s.</span> <span class='ocrx_word' id='word_1_6' title='bbox 796 579 950 632; x_wconf 81' lang='lat' dir='ltr'>verrucae</span> <span class='ocrx_word' id='word_1_7' title='bbox 974 549 1101 628; x_wconf 84' lang='lat' dir='ltr'>discum</span> <span class='ocrx_word' id='word_1_8' title='bbox 1125 553 1215 655; x_wconf 80' lang='lat' dir='ltr'>quasa</span> <span class='ocrx_word' id='word_1_9' title='bbox 1237 551 1379 630; x_wconf 85' lang='lat' dir='ltr'>oilentlit</span> <span class='ocrx_word' id='word_1_10' title='bbox 1405 551 1694 636; x_wconf 87' lang='lat' dir='ltr'>concaviusculum</span> <span class='ocrx_word' id='word_1_11' title='bbox 1718 577 1751 634; x_wconf 89' lang='lat' dir='ltr'>et</span> <span class='ocrx_word' id='word_1_12' title='bbox 1771 563 1957 660; x_wconf 81' lang='lat' dir='ltr'>marginem</span> <span class='ocrx_word' id='word_1_13' title='bbox 1983 557 2067 634; x_wconf 86' lang='lat' dir='ltr'>inrle</span> <span class='ocrx_word' id='word_1_14' title='bbox 2207 587 2208 612; x_wconf 56' lang='lat'>¹</span> 
     </span>
     <span class='ocr_line' id='line_1_3' title="bbox 440 654 2208 772; baseline -0.005 -30"><span class='ocrx_word' id='word_1_15' title='bbox 440 672 693 772; x_wconf 78' lang='lat' dir='ltr'>provenientem</span> <span class='ocrx_word' id='word_1_16' title='bbox 723 685 838 755; x_wconf 88' lang='lat' dir='ltr'>parum</span> <span class='ocrx_word' id='word_1_17' title='bbox 870 665 1095 739; x_wconf 81' lang='lat' dir='ltr'>eminentem,</span> <span class='ocrx_word' id='word_1_18' title='bbox 1129 657 1324 757; x_wconf 84' lang='lat' dir='ltr'>plerumque</span> <span class='ocrx_word' id='word_1_19' title='bbox 1356 655 1608 736; x_wconf 86' lang='lat' dir='ltr'>ubtustffimum.</span> <span class='ocrx_word' id='word_1_20' title='bbox 1669 661 1735 736; x_wconf 85' lang='lat' dir='ltr'>Sub</span> <span class='ocrx_word' id='word_1_21' title='bbox 1769 661 1825 734; x_wconf 85' lang='lat' dir='ltr'>illa</span> <span class='ocrx_word' id='word_1_22' title='bbox 1853 657 2066 760; x_wconf 80' lang='lat' dir='ltr'>impressione</span> <span class='ocrx_word' id='word_1_23' title='bbox 2207 654 2208 662; x_wconf 9' lang='grc' dir='ltr'>ἵ</span> 
     </span>
    </p>
   </div>
   <div class='ocr_carea' id='block_1_3' title="bbox 438 755 2067 1268">
    <p class='ocr_par' dir='ltr' id='par_1_3' title="bbox 438 755 2067 1268">
     <span class='ocr_line' id='line_1_4' title="bbox 439 755 2067 860; baseline -0.006 -15"><span class='ocrx_word' id='word_1_24' title='bbox 439 763 622 845; x_wconf 78' lang='lat' dir='ltr'>disciformi</span> <span class='ocrx_word' id='word_1_25' title='bbox 649 761 705 836; x_wconf 84' lang='lat' dir='ltr'>stra</span> <span class='ocrx_word' id='word_1_26' title='bbox 719 763 763 836; x_wconf 85' lang='lat' dir='ltr'>eil</span> <span class='ocrx_word' id='word_1_27' title='bbox 779 755 846 860; x_wconf 90' lang='lat' dir='ltr'>ipsa</span> <span class='ocrx_word' id='word_1_28' title='bbox 863 763 1000 832; x_wconf 84' lang='lat' dir='ltr'>Lamina</span> <span class='ocrx_word' id='word_1_29' title='bbox 1017 758 1202 856; x_wconf 70' lang='lat' dir='ltr'>prefigere,</span> <span class='ocrx_word' id='word_1_30' title='bbox 1235 759 1319 830; x_wconf 89' lang='lat' dir='ltr'>adeo</span> <span class='ocrx_word' id='word_1_31' title='bbox 1336 777 1372 832; x_wconf 83' lang='lat' dir='ltr'>ur</span> <span class='ocrx_word' id='word_1_32' title='bbox 1395 761 1587 834; x_wconf 89' lang='lat' dir='ltr'>immediate</span> <span class='ocrx_word' id='word_1_33' title='bbox 1606 787 1624 834; x_wconf 94' lang='lat' dir='ltr'>a</span> <span class='ocrx_word' id='word_1_34' title='bbox 1646 763 1811 835; x_wconf 83' lang='lat' dir='ltr'>velamine</span> <span class='ocrx_word' id='word_1_35' title='bbox 1827 763 1979 836; x_wconf 83' lang='lat' dir='ltr'>coloratu</span> <span class='ocrx_word' id='word_1_36' title='bbox 1994 787 2067 838; x_wconf 90' lang='lat' dir='ltr'>ver·</span> 
     </span>
     <span class='ocr_line' id='line_1_5' title="bbox 438 853 2067 966; baseline -0.007 -18"><span class='ocrx_word' id='word_1_37' title='bbox 438 895 536 948; x_wconf 86' lang='lat' dir='ltr'>rueae</span> <span class='ocrx_word' id='word_1_38' title='bbox 552 863 647 966; x_wconf 86' lang='lat' dir='ltr'>supra</span> <span class='ocrx_word' id='word_1_39' title='bbox 667 881 794 960; x_wconf 80' lang='lat' dir='ltr'>tegatur</span> <span class='ocrx_word' id='word_1_40' title='bbox 816 881 848 934; x_wconf 86' lang='lat' dir='ltr'>ct</span> <span class='ocrx_word' id='word_1_41' title='bbox 867 859 945 932; x_wconf 91' lang='lat' dir='ltr'>inde</span> <span class='ocrx_word' id='word_1_42' title='bbox 965 869 1000 932; x_wconf 91' lang='lat' dir='ltr'>in</span> <span class='ocrx_word' id='word_1_43' title='bbox 1022 861 1183 933; x_wconf 85' lang='lat' dir='ltr'>hocloco</span> <span class='ocrx_word' id='word_1_44' title='bbox 1211 853 1357 958; x_wconf 88' lang='lat' dir='ltr'>depressa</span> <span class='ocrx_word' id='word_1_45' title='bbox 1379 857 1506 936; x_wconf 86' lang='lat' dir='ltr'>evadat.</span> <span class='ocrx_word' id='word_1_46' title='bbox 1567 861 1766 957; x_wconf 81' lang='lat' dir='ltr'>Exemplum</span> <span class='ocrx_word' id='word_1_47' title='bbox 1784 867 1919 936; x_wconf 89' lang='lat' dir='ltr'>unicum</span> <span class='ocrx_word' id='word_1_48' title='bbox 1937 865 2067 962; x_wconf 84' lang='lat' dir='ltr'>praebet</span> 
     </span>
     <span class='ocr_line' id='line_1_6' title="bbox 439 957 2066 1069; baseline -0.004 -27"><span class='ocrx_word' id='word_1_49' title='bbox 439 965 622 1069; x_wconf 83' lang='lat' dir='ltr'>Sagedia</span> <span class='ocrx_word' id='word_1_50' title='bbox 647 957 1016 1041; x_wconf 88' lang='lat' dir='ltr'>verrucacioidea.</span> <span class='ocrx_word' id='word_1_51' title='bbox 1042 965 1142 1058; x_wconf 87' lang='lat' dir='ltr'>apicir</span> <span class='ocrx_word' id='word_1_52' title='bbox 1164 983 1316 1032; x_wconf 77' lang='lat' dir='ltr'>verrucae</span> <span class='ocrx_word' id='word_1_53' title='bbox 1332 963 1496 1058; x_wconf 87' lang='lat' dir='ltr'>apothecii</span> <span class='ocrx_word' id='word_1_54' title='bbox 1516 985 1586 1034; x_wconf 89' lang='lat' dir='ltr'>nun</span> <span class='ocrx_word' id='word_1_55' title='bbox 1612 961 1752 1062; x_wconf 82' lang='lat' dir='ltr'>depressi</span> <span class='ocrx_word' id='word_1_56' title='bbox 1774 983 1805 1036; x_wconf 90' lang='lat' dir='ltr'>et</span> <span class='ocrx_word' id='word_1_57' title='bbox 1823 963 1966 1036; x_wconf 86' lang='lat' dir='ltr'>laminae</span> <span class='ocrx_word' id='word_1_58' title='bbox 1989 987 2066 1062; x_wconf 90' lang='lat' dir='ltr'>pro·</span> 
     </span>
     <span class='ocr_line' id='line_1_7' title="bbox 439 1053 2066 1169; baseline -0.005 -22"><span class='ocrx_word' id='word_1_59' title='bbox 439 1071 564 1169; x_wconf 86' lang='lat' dir='ltr'>ligetae</span> <span class='ocrx_word' id='word_1_60' title='bbox 589 1063 720 1140; x_wconf 88' lang='lat' dir='ltr'>sormae</span> <span class='ocrx_word' id='word_1_61' title='bbox 744 1061 820 1136; x_wconf 87' lang='lat' dir='ltr'>inde</span> <span class='ocrx_word' id='word_1_62' title='bbox 844 1055 1080 1160; x_wconf 77' lang='lat' dir='ltr'>subglobosac3</span> <span class='ocrx_word' id='word_1_63' title='bbox 1113 1087 1191 1132; x_wconf 88' lang='lat' dir='ltr'>nam</span> <span class='ocrx_word' id='word_1_64' title='bbox 1216 1053 1325 1132; x_wconf 87' lang='lat' dir='ltr'>subtua</span> <span class='ocrx_word' id='word_1_65' title='bbox 1346 1061 1471 1133; x_wconf 87' lang='lat' dir='ltr'>lamina</span> <span class='ocrx_word' id='word_1_66' title='bbox 1499 1087 1652 1136; x_wconf 81' lang='lat' dir='ltr'>convexo</span> <span class='ocrx_word' id='word_1_67' title='bbox 1681 1059 1940 1160; x_wconf 74' lang='lat' dir='ltr'>hemisphaerica</span> <span class='ocrx_word' id='word_1_68' title='bbox 1965 1067 2010 1140; x_wconf 90' lang='lat' dir='ltr'>esl</span> <span class='ocrx_word' id='word_1_69' title='bbox 2029 1069 2066 1138; x_wconf 83' lang='lat' dir='ltr'>in</span> 
     </span>
     <span class='ocr_line' id='line_1_8' title="bbox 439 1157 1890 1268; baseline -0.008 -19"><span class='ocrx_word' id='word_1_70' title='bbox 439 1173 596 1249; x_wconf 87' lang='lat' dir='ltr'>omuibua</span> <span class='ocrx_word' id='word_1_71' title='bbox 612 1163 797 1268; x_wconf 73' lang='lat' dir='ltr'>speciebus,</span> <span class='ocrx_word' id='word_1_72' title='bbox 822 1189 885 1236; x_wconf 92' lang='lat' dir='ltr'>nec</span> <span class='ocrx_word' id='word_1_73' title='bbox 903 1161 969 1235; x_wconf 87' lang='lat' dir='ltr'>ulla</span> <span class='ocrx_word' id='word_1_74' title='bbox 984 1157 1137 1234; x_wconf 82' lang='lat' dir='ltr'>evidente</span> <span class='ocrx_word' id='word_1_75' title='bbox 1155 1159 1382 1234; x_wconf 86' lang='lat' dir='ltr'>membranula</span> <span class='ocrx_word' id='word_1_76' title='bbox 1400 1167 1539 1260; x_wconf 89' lang='lat' dir='ltr'>propria</span> <span class='ocrx_word' id='word_1_77' title='bbox 1559 1189 1720 1264; x_wconf 90' lang='lat' dir='ltr'>umquam</span> <span class='ocrx_word' id='word_1_78' title='bbox 1736 1165 1890 1244; x_wconf 81' lang='lat' dir='ltr'>obducla.</span> 
     </span>
    </p>
   </div>
   <div class='ocr_carea' id='block_1_4' title="bbox 549 1375 2210 1486">
    <p class='ocr_par' dir='ltr' id='par_1_4' title="bbox 549 1375 2210 1486">
     <span class='ocr_line' id='line_1_9' title="bbox 549 1375 2210 1486; baseline 0 -22"><span class='ocrx_word' id='word_1_79' title='bbox 549 1385 819 1468; x_wconf 88' lang='lat' dir='ltr'>Ucceolariia</span> <span class='ocrx_word' id='word_1_80' title='bbox 841 1389 1014 1482; x_wconf 77' lang='lat' dir='ltr'>proximae</span> <span class='ocrx_word' id='word_1_81' title='bbox 1032 1379 1167 1483; x_wconf 86' lang='lat' dir='ltr'>quidem</span> <span class='ocrx_word' id='word_1_82' title='bbox 1184 1375 1257 1454; x_wconf 91' lang='lat' dir='ltr'>sunt</span> <span class='ocrx_word' id='word_1_83' title='bbox 1281 1407 1338 1454; x_wconf 89' lang='lat' dir='ltr'>eae</span> <span class='ocrx_word' id='word_1_84' title='bbox 1363 1377 1500 1480; x_wconf 79' lang='lat' dir='ltr'>specim,</span> <span class='ocrx_word' id='word_1_85' title='bbox 1526 1411 1675 1486; x_wconf 84' lang='lat' dir='ltr'>quarum</span> <span class='ocrx_word' id='word_1_86' title='bbox 1688 1413 1845 1462; x_wconf 87' lang='lat' dir='ltr'>verrucae</span> <span class='ocrx_word' id='word_1_87' title='bbox 1863 1395 1974 1464; x_wconf 89' lang='lat' dir='ltr'>minua</span> <span class='ocrx_word' id='word_1_88' title='bbox 1999 1387 2064 1464; x_wconf 90' lang='lat' dir='ltr'>cle·</span> <span class='ocrx_word' id='word_1_89' title='bbox 2209 1457 2210 1470; x_wconf 69' lang='grc'>,</span> 
     </span>
    </p>
   </div>
   <div class='ocr_carea' id='block_1_5' title="bbox 438 1477 2067 2084">
    <p class='ocr_par' dir='ltr' id='par_1_5' title="bbox 438 1477 2067 1784">
     <span class='ocr_line' id='line_1_10' title="bbox 440 1477 2065 1588; baseline -0.007 -15"><span class='ocrx_word' id='word_1_90' title='bbox 440 1493 639 1574; x_wconf 81' lang='lat' dir='ltr'>vataesunt.</span> <span class='ocrx_word' id='word_1_91' title='bbox 663 1485 718 1562; x_wconf 89' lang='lat' dir='ltr'>sed</span> <span class='ocrx_word' id='word_1_92' title='bbox 737 1487 927 1584; x_wconf 82' lang='lat' dir='ltr'>cartilagine</span> <span class='ocrx_word' id='word_1_93' title='bbox 948 1482 1113 1568; x_wconf 86' lang='lat' dir='ltr'>colorata,</span> <span class='ocrx_word' id='word_1_94' title='bbox 1139 1509 1203 1582; x_wconf 88' lang='lat' dir='ltr'>qua</span> <span class='ocrx_word' id='word_1_95' title='bbox 1227 1477 1331 1558; x_wconf 72' lang='lat' dir='ltr'>discus</span> <span class='ocrx_word' id='word_1_96' title='bbox 1355 1505 1387 1556; x_wconf 89' lang='lat' dir='ltr'>cr</span> <span class='ocrx_word' id='word_1_97' title='bbox 1411 1487 1481 1580; x_wconf 79' lang='lat' dir='ltr'>ejue</span> <span class='ocrx_word' id='word_1_98' title='bbox 1502 1511 1622 1584; x_wconf 80' lang='lat' dir='ltr'>margo</span> <span class='ocrx_word' id='word_1_99' title='bbox 1648 1483 1670 1560; x_wconf 88' lang='lat' dir='ltr'>s</span> <span class='ocrx_word' id='word_1_100' title='bbox 1697 1491 1838 1562; x_wconf 87' lang='lat' dir='ltr'>ambitur</span> <span class='ocrx_word' id='word_1_101' title='bbox 1864 1495 1984 1588; x_wconf 73' lang='lat' dir='ltr'>tegitur</span> <span class='ocrx_word' id='word_1_102' title='bbox 2003 1515 2065 1562; x_wconf 86' lang='lat' dir='ltr'>nce</span> 
     </span>
     <span class='ocr_line' id='line_1_11' title="bbox 438 1583 2065 1684; baseline -0.008 -9"><span class='ocrx_word' id='word_1_103' title='bbox 438 1622 511 1676; x_wconf 87' lang='lat' dir='ltr'>non</span> <span class='ocrx_word' id='word_1_104' title='bbox 533 1591 592 1668; x_wconf 88' lang='lat' dir='ltr'>satu</span> <span class='ocrx_word' id='word_1_105' title='bbox 608 1611 639 1666; x_wconf 91' lang='lat' dir='ltr'>et</span> <span class='ocrx_word' id='word_1_106' title='bbox 655 1585 765 1662; x_wconf 80' lang='lat' dir='ltr'>surena</span> <span class='ocrx_word' id='word_1_107' title='bbox 783 1589 926 1660; x_wconf 91' lang='lat' dir='ltr'>laminae</span> <span class='ocrx_word' id='word_1_108' title='bbox 947 1583 1151 1682; x_wconf 80' lang='lat' dir='ltr'>proligetae,</span> <span class='ocrx_word' id='word_1_109' title='bbox 1183 1607 1268 1684; x_wconf 86' lang='lat' dir='ltr'>quaa</span> <span class='ocrx_word' id='word_1_110' title='bbox 1290 1583 1398 1656; x_wconf 91' lang='lat' dir='ltr'>nuclei</span> <span class='ocrx_word' id='word_1_111' title='bbox 1417 1583 1458 1656; x_wconf 88' lang='lat' dir='ltr'>ad</span> <span class='ocrx_word' id='word_1_112' title='bbox 1477 1585 1576 1660; x_wconf 86' lang='lat' dir='ltr'>inllar</span> <span class='ocrx_word' id='word_1_113' title='bbox 1592 1609 1626 1660; x_wconf 93' lang='lat' dir='ltr'>ut</span> <span class='ocrx_word' id='word_1_114' title='bbox 1652 1593 1685 1660; x_wconf 92' lang='lat' dir='ltr'>in</span> <span class='ocrx_word' id='word_1_115' title='bbox 1701 1589 1962 1663; x_wconf 85' lang='lat' dir='ltr'>Variolariia</span> <span class='ocrx_word' id='word_1_116' title='bbox 1979 1595 2065 1664; x_wconf 89' lang='lat' dir='ltr'>intra</span> 
     </span>
     <span class='ocr_line' id='line_1_12' title="bbox 438 1679 2067 1784; baseline -0.007 -9"><span class='ocrx_word' id='word_1_117' title='bbox 438 1719 612 1774; x_wconf 89' lang='lat' dir='ltr'>verrucam</span> <span class='ocrx_word' id='word_1_118' title='bbox 629 1685 838 1772; x_wconf 85' lang='lat' dir='ltr'>reconditur,</span> <span class='ocrx_word' id='word_1_119' title='bbox 862 1707 961 1784; x_wconf 86' lang='lat' dir='ltr'>atque</span> <span class='ocrx_word' id='word_1_120' title='bbox 977 1679 1118 1758; x_wconf 92' lang='lat' dir='ltr'>absentia</span> <span class='ocrx_word' id='word_1_121' title='bbox 1132 1684 1324 1758; x_wconf 80' lang='lat' dir='ltr'>cellularum</span> <span class='ocrx_word' id='word_1_122' title='bbox 1342 1704 1374 1757; x_wconf 90' lang='lat' dir='ltr'>ct</span> <span class='ocrx_word' id='word_1_123' title='bbox 1395 1689 1507 1760; x_wconf 87' lang='lat' dir='ltr'>omnia</span> <span class='ocrx_word' id='word_1_124' title='bbox 1525 1707 1669 1766; x_wconf 81' lang='lat' dir='ltr'>texturae</span> <span class='ocrx_word' id='word_1_125' title='bbox 1685 1689 1845 1762; x_wconf 84' lang='lat' dir='ltr'>cellularic</span> <span class='ocrx_word' id='word_1_126' title='bbox 1868 1695 1901 1762; x_wconf 92' lang='lat' dir='ltr'>in</span> <span class='ocrx_word' id='word_1_127' title='bbox 1921 1691 2067 1764; x_wconf 91' lang='lat' dir='ltr'>laminae</span> 
     </span>
    </p>

    <p class='ocr_par' dir='ltr' id='par_1_6' title="bbox 438 1779 2067 2084">
     <span class='ocr_line' id='line_1_13' title="bbox 484 1779 2065 1884; baseline -0.006 -12"><span class='ocrx_word' id='word_1_128' title='bbox 484 1799 695 1884; x_wconf 87' lang='lat' dir='ltr'>renchymate</span> <span class='ocrx_word' id='word_1_129' title='bbox 713 1785 808 1860; x_wconf 84' lang='lat' dir='ltr'>valde</span> <span class='ocrx_word' id='word_1_130' title='bbox 821 1787 862 1858; x_wconf 90' lang='lat' dir='ltr'>ab</span> <span class='ocrx_word' id='word_1_131' title='bbox 880 1789 930 1858; x_wconf 89' lang='lat' dir='ltr'>bia</span> <span class='ocrx_word' id='word_1_132' title='bbox 945 1805 977 1856; x_wconf 90' lang='lat' dir='ltr'>et</span> <span class='ocrx_word' id='word_1_133' title='bbox 997 1785 1059 1856; x_wconf 77' lang='lat' dir='ltr'>illie</span> <span class='ocrx_word' id='word_1_134' title='bbox 1078 1779 1246 1862; x_wconf 79' lang='lat' dir='ltr'>disserunt.</span> <span class='ocrx_word' id='word_1_135' title='bbox 1308 1785 1398 1858; x_wconf 81' lang='lat' dir='ltr'>Niitil</span> <span class='ocrx_word' id='word_1_136' title='bbox 1417 1781 1485 1860; x_wconf 89' lang='lat' dir='ltr'>sere</span> <span class='ocrx_word' id='word_1_137' title='bbox 1507 1811 1689 1864; x_wconf 89' lang='lat' dir='ltr'>commune</span> <span class='ocrx_word' id='word_1_138' title='bbox 1708 1792 1761 1865; x_wconf 89' lang='lat' dir='ltr'>vel</span> <span class='ocrx_word' id='word_1_139' title='bbox 1784 1789 1868 1862; x_wconf 88' lang='lat' dir='ltr'>aden</span> <span class='ocrx_word' id='word_1_140' title='bbox 1888 1789 1992 1862; x_wconf 82' lang='lat' dir='ltr'>limile</span> <span class='ocrx_word' id='word_1_141' title='bbox 2009 1795 2065 1864; x_wconf 81' lang='lat' dir='ltr'>lra-</span> 
     </span>
     <span class='ocr_line' id='line_1_14' title="bbox 438 1827 2067 1994; baseline -0.008 -20"><span class='ocrx_word' id='word_1_142' title='bbox 438 1827 517 1974; x_wconf 70' lang='lat' dir='ltr'>bbnt</span> <span class='ocrx_word' id='word_1_143' title='bbox 535 1891 810 1990; x_wconf 78' lang='lat' dir='ltr'>Sagediarum</span> <span class='ocrx_word' id='word_1_144' title='bbox 823 1887 995 1982; x_wconf 87' lang='lat' dir='ltr'>apotbecia</span> <span class='ocrx_word' id='word_1_145' title='bbox 1012 1911 1089 1958; x_wconf 92' lang='lat' dir='ltr'>cum</span> <span class='ocrx_word' id='word_1_146' title='bbox 1107 1889 1287 1986; x_wconf 83' lang='lat' dir='ltr'>apmbeciia</span> <span class='ocrx_word' id='word_1_147' title='bbox 1302 1885 1511 1986; x_wconf 79' lang='lat' dir='ltr'>reliquorum</span> <span class='ocrx_word' id='word_1_148' title='bbox 1530 1891 1718 1982; x_wconf 82' lang='lat' dir='ltr'>Generum,</span> <span class='ocrx_word' id='word_1_149' title='bbox 1745 1897 1925 1991; x_wconf 73' lang='lat' dir='ltr'>quominus</span> <span class='ocrx_word' id='word_1_150' title='bbox 1943 1895 2067 1994; x_wconf 61' lang='lat' dir='ltr'>abque</span> 
     </span>
     <span class='ocr_line' id='line_1_15' title="bbox 438 1983 1107 2084; baseline -0.018 -8"><span class='ocrx_word' id='word_1_151' title='bbox 438 1999 507 2076; x_wconf 83' lang='lat' dir='ltr'>ulla</span> <span class='ocrx_word' id='word_1_152' title='bbox 525 1993 715 2070; x_wconf 75' lang='lat' dir='ltr'>difficultate</span> <span class='ocrx_word' id='word_1_153' title='bbox 731 1991 772 2062; x_wconf 88' lang='lat' dir='ltr'>ab</span> <span class='ocrx_word' id='word_1_154' title='bbox 785 1989 836 2062; x_wconf 86' lang='lat' dir='ltr'>bia</span> <span class='ocrx_word' id='word_1_155' title='bbox 855 1983 1107 2084; x_wconf 80' lang='lat' dir='ltr'>distinguantur.</span> 
     </span>
    </p>
   </div>
   <div class='ocr_carea' id='block_1_6' title="bbox 438 2175 2065 2396">
    <p class='ocr_par' dir='ltr' id='par_1_7' title="bbox 438 2175 2065 2396">
     <span class='ocr_line' id='line_1_16' title="bbox 551 2175 2065 2286; baseline -0.004 -16"><span class='ocrx_word' id='word_1_156' title='bbox 551 2195 687 2270; x_wconf 75' lang='lat' dir='ltr'>Numen</span> <span class='ocrx_word' id='word_1_157' title='bbox 707 2191 846 2262; x_wconf 84' lang='lat' dir='ltr'>Generia</span> <span class='ocrx_word' id='word_1_158' title='bbox 869 2210 1001 2274; x_wconf 66' lang='lat' dir='ltr'>aeeenn</span> <span class='ocrx_word' id='word_1_159' title='bbox 1023 2181 1207 2274; x_wconf 84' lang='lat' dir='ltr'>scutum,</span> <span class='ocrx_word' id='word_1_160' title='bbox 1229 2205 1399 2286; x_wconf 81' lang='lat' dir='ltr'>tegmen</span> <span class='ocrx_word' id='word_1_161' title='bbox 1417 2203 1451 2260; x_wconf 90' lang='lat' dir='ltr'>et</span> <span class='ocrx_word' id='word_1_162' title='bbox 1476 2175 1560 2262; x_wconf 78' lang='lat' dir='ltr'>celae</span> <span class='ocrx_word' id='word_1_163' title='bbox 1583 2184 1739 2264; x_wconf 82' lang='lat' dir='ltr'>similia</span> <span class='ocrx_word' id='word_1_164' title='bbox 1762 2188 1986 2264; x_wconf 78' lang='lat' dir='ltr'>coalituslum</span> <span class='ocrx_word' id='word_1_165' title='bbox 2006 2189 2065 2280; x_wconf 77' lang='lat' dir='ltr'>eil,</span> 
     </span>
     <span class='ocr_line' id='line_1_17' title="bbox 438 2285 2065 2396; baseline -0.004 -26"><span class='ocrx_word' id='word_1_166' title='bbox 438 2303 487 2376; x_wconf 80' lang='lat' dir='ltr'>nb</span> <span class='ocrx_word' id='word_1_167' title='bbox 507 2313 714 2396; x_wconf 76' lang='lat' dir='ltr'>tegmentum</span> <span class='ocrx_word' id='word_1_168' title='bbox 728 2309 761 2364; x_wconf 89' lang='lat' dir='ltr'>et</span> <span class='ocrx_word' id='word_1_169' title='bbox 777 2291 925 2364; x_wconf 85' lang='lat' dir='ltr'>habitum</span> <span class='ocrx_word' id='word_1_170' title='bbox 946 2291 1220 2392; x_wconf 84' lang='lat' dir='ltr'>apothecinrum.</span> <span class='ocrx_word' id='word_1_171' title='bbox 1253 2313 1338 2390; x_wconf 90' lang='lat' dir='ltr'>quae</span> <span class='ocrx_word' id='word_1_172' title='bbox 1358 2293 1394 2364; x_wconf 91' lang='lat' dir='ltr'>in</span> <span class='ocrx_word' id='word_1_173' title='bbox 1415 2289 1602 2390; x_wconf 76' lang='lat' dir='ltr'>Sagedia</span> <span class='ocrx_word' id='word_1_174' title='bbox 1621 2285 1821 2394; x_wconf 85' lang='lat' dir='ltr'>depressa</span> <span class='ocrx_word' id='word_1_175' title='bbox 1835 2317 1915 2395; x_wconf 90' lang='lat' dir='ltr'>prae</span> <span class='ocrx_word' id='word_1_176' title='bbox 1930 2291 2065 2392; x_wconf 84' lang='lat' dir='ltr'>reliquia</span> 
     </span>
    </p>
   </div>
   <div class='ocr_carea' id='block_1_7' title="bbox 438 2391 811 2482">
    <p class='ocr_par' dir='ltr' id='par_1_8' title="bbox 438 2391 811 2482">
     <span class='ocr_line' id='line_1_18' title="bbox 438 2391 811 2482; baseline -0.027 -2"><span class='ocrx_word' id='word_1_177' title='bbox 438 2397 604 2482; x_wconf 80' lang='lat' dir='ltr'>scutulum</span> <span class='ocrx_word' id='word_1_178' title='bbox 625 2391 811 2474; x_wconf 81' lang='lat' dir='ltr'>affimilant.</span> 
     </span>
    </p>
   </div>
   <div class='ocr_carea' id='block_1_8' title="bbox 913 2675 1590 2781">
    <p class='ocr_par' dir='ltr' id='par_1_9' title="bbox 913 2675 1590 2781">
     <span class='ocr_line' id='line_1_19' title="bbox 913 2675 1590 2781; baseline -0.001 -26"><span class='ocrx_word' id='word_1_179' title='bbox 913 2675 1218 2781; x_wconf 81' lang='lat' dir='ltr'>Explicatie</span> <span class='ocrx_word' id='word_1_180' title='bbox 1270 2678 1590 2778; x_wconf 77' lang='lat' dir='ltr'>Figuratum.</span> 
     </span>
    </p>
   </div>
   <div class='ocr_carea' id='block_1_9' title="bbox 439 2853 2068 3124">
    <p class='ocr_par' dir='ltr' id='par_1_10' title="bbox 439 2853 2068 3124">
     <span class='ocr_line' id='line_1_20' title="bbox 1052 2853 1354 2928; baseline 0 -3"><span class='ocrx_word' id='word_1_181' title='bbox 1052 2893 1062 2910; x_wconf 90' lang='lat'><strong>·</strong></span> <span class='ocrx_word' id='word_1_182' title='bbox 1148 2853 1251 2928; x_wconf 87' lang='lat' dir='ltr'>Tab.</span> <span class='ocrx_word' id='word_1_183' title='bbox 1287 2855 1354 2926; x_wconf 87' lang='lat' dir='ltr'>Vl.</span> 
     </span>
     <span class='ocr_line' id='line_1_21' title="bbox 439 3000 2068 3124; baseline 0.012 -47"><span class='ocrx_word' id='word_1_184' title='bbox 439 3035 505 3124; x_wconf 42' lang='lat' dir='ltr'>pp&amp;</span> <span class='ocrx_word' id='word_1_185' title='bbox 526 3049 558 3118; x_wconf 59' lang='lat'>3,</span> <span class='ocrx_word' id='word_1_186' title='bbox 602 3000 766 3116; x_wconf 60' lang='lat' dir='ltr'>&amp;galba</span> <span class='ocrx_word' id='word_1_187' title='bbox 789 3015 955 3112; x_wconf 75' lang='lat' dir='ltr'>depraffca</span> <span class='ocrx_word' id='word_1_188' title='bbox 976 3023 1167 3106; x_wconf 79' lang='lat' dir='ltr'>apntltrciuna</span> <span class='ocrx_word' id='word_1_189' title='bbox 1197 3023 1415 3088; x_wconf 80' lang='lat' dir='ltr'>verruciinrrne</span> <span class='ocrx_word' id='word_1_190' title='bbox 1434 3044 1452 3088; x_wconf 90' lang='lat' dir='ltr'>a</span> <span class='ocrx_word' id='word_1_191' title='bbox 1480 3026 1572 3088; x_wconf 80' lang='lat' dir='ltr'>crusta</span> <span class='ocrx_word' id='word_1_192' title='bbox 1595 3021 1755 3090; x_wconf 77' lang='lat' dir='ltr'>sarmatum</span> <span class='ocrx_word' id='word_1_193' title='bbox 1780 3021 1867 3108; x_wconf 77' lang='lat' dir='ltr'>supra</span> <span class='ocrx_word' id='word_1_194' title='bbox 1887 3023 2068 3108; x_wconf 69' lang='lat' dir='ltr'>deptesl&#39;tna&#39;</span> 
     </span>
    </p>
   </div>
   <div class='ocr_carea' id='block_1_10' title="bbox 678 3103 2066 3338">
    <p class='ocr_par' dir='ltr' id='par_1_11' title="bbox 678 3103 2066 3338">
     <span class='ocr_line' id='line_1_22' title="bbox 678 3103 2066 3188; baseline -0.005 -13"><span class='ocrx_word' id='word_1_195' title='bbox 678 3109 852 3176; x_wconf 63' lang='lat' dir='ltr'>inumbrat</span> <span class='ocrx_word' id='word_1_196' title='bbox 866 3105 1036 3166; x_wconf 83' lang='lat' dir='ltr'>membrana</span> <span class='ocrx_word' id='word_1_197' title='bbox 1057 3105 1246 3186; x_wconf 70' lang='lat' dir='ltr'>cartilaginea</span> <span class='ocrx_word' id='word_1_198' title='bbox 1260 3105 1410 3176; x_wconf 86' lang='lat' dir='ltr'>colorata,</span> <span class='ocrx_word' id='word_1_199' title='bbox 1439 3107 1496 3166; x_wconf 89' lang='lat' dir='ltr'>boc</span> <span class='ocrx_word' id='word_1_200' title='bbox 1512 3125 1541 3166; x_wconf 92' lang='lat' dir='ltr'>et</span> <span class='ocrx_word' id='word_1_201' title='bbox 1559 3103 1695 3166; x_wconf 86' lang='lat' dir='ltr'>laminam</span> <span class='ocrx_word' id='word_1_202' title='bbox 1714 3105 1891 3188; x_wconf 72' lang='lat' dir='ltr'>proligcram</span> <span class='ocrx_word' id='word_1_203' title='bbox 1907 3111 1984 3168; x_wconf 85' lang='lat' dir='ltr'>iutra</span> <span class='ocrx_word' id='word_1_204' title='bbox 2000 3125 2066 3168; x_wconf 88' lang='lat' dir='ltr'>vrr-</span> 
     </span>
     <span class='ocr_line' id='line_1_23' title="bbox 678 3183 2066 3338; baseline 0.001 -90"><span class='ocrx_word' id='word_1_205' title='bbox 678 3185 1003 3338; x_wconf 53' lang='lat' dir='ltr'>ffippnpuagcnuditam</span> <span class='ocrx_word' id='word_1_206' title='bbox 1019 3201 1155 3270; x_wconf 72' lang='lat' dir='ltr'>tepente,</span> <span class='ocrx_word' id='word_1_207' title='bbox 1183 3191 1375 3264; x_wconf 72' lang='lat' dir='ltr'>instruam,</span> <span class='ocrx_word' id='word_1_208' title='bbox 1402 3185 1439 3248; x_wconf 88' lang='lat' dir='ltr'>ad</span> <span class='ocrx_word' id='word_1_209' title='bbox 1454 3183 1697 3272; x_wconf 82' lang='lat' dir='ltr'>perpendiculum</span> <span class='ocrx_word' id='word_1_210' title='bbox 1717 3187 1890 3262; x_wconf 70' lang='lat' dir='ltr'>nuruum,</span> <span class='ocrx_word' id='word_1_211' title='bbox 1919 3189 2066 3268; x_wconf 63' lang='lat' dir='ltr'>maguitu-</span> 
     </span>
    </p>
   </div>
   <div class='ocr_carea' id='block_1_11' title="bbox 648 3395 1778 3480">
    <p class='ocr_par' dir='ltr' id='par_1_12' title="bbox 648 3395 1778 3480">
     <span class='ocr_line' id='line_1_24' title="bbox 648 3395 1778 3480; baseline -0.005 -12"><span class='ocrx_word' id='word_1_212' title='bbox 648 3425 712 3474; x_wconf 89' lang='lat' dir='ltr'>a.a.</span> <span class='ocrx_word' id='word_1_213' title='bbox 733 3401 906 3466; x_wconf 83' lang='lat' dir='ltr'>Membrana</span> <span class='ocrx_word' id='word_1_214' title='bbox 925 3397 1114 3476; x_wconf 67' lang='lat' dir='ltr'>cartilaginea</span> <span class='ocrx_word' id='word_1_215' title='bbox 1130 3395 1262 3460; x_wconf 87' lang='lat' dir='ltr'>colorata</span> <span class='ocrx_word' id='word_1_216' title='bbox 1276 3418 1430 3460; x_wconf 85' lang='lat' dir='ltr'>verrucam</span> <span class='ocrx_word' id='word_1_217' title='bbox 1453 3411 1546 3462; x_wconf 84' lang='lat' dir='ltr'>turam</span> <span class='ocrx_word' id='word_1_218' title='bbox 1565 3395 1651 3480; x_wconf 83' lang='lat' dir='ltr'>supra</span> <span class='ocrx_word' id='word_1_219' title='bbox 1669 3411 1778 3477; x_wconf 74' lang='lat' dir='ltr'>tegern.</span> 
     </span>
    </p>
   </div>
   <div class='ocr_carea' id='block_1_12' title="bbox 646 3521 2065 3668">
    <p class='ocr_par' dir='ltr' id='par_1_13' title="bbox 646 3521 2065 3668">
     <span class='ocr_line' id='line_1_25' title="bbox 646 3521 2065 3668; baseline -0.004 -75"><span class='ocrx_word' id='word_1_220' title='bbox 646 3537 677 3598; x_wconf 87' lang='lat' dir='ltr'>b.</span> <span class='ocrx_word' id='word_1_221' title='bbox 702 3531 852 3612; x_wconf 82' lang='lat' dir='ltr'>Deprcliio</span> <span class='ocrx_word' id='word_1_222' title='bbox 883 3523 1061 3588; x_wconf 76' lang='lat' dir='ltr'>disciformir</span> <span class='ocrx_word' id='word_1_223' title='bbox 1087 3528 1117 3586; x_wconf 92' lang='lat' dir='ltr'>in</span> <span class='ocrx_word' id='word_1_224' title='bbox 1144 3525 1199 3586; x_wconf 88' lang='lat' dir='ltr'>bac</span> <span class='ocrx_word' id='word_1_225' title='bbox 1224 3529 1392 3590; x_wconf 85' lang='lat' dir='ltr'>membrana</span> <span class='ocrx_word' id='word_1_226' title='bbox 1415 3529 1493 3590; x_wconf 89' lang='lat' dir='ltr'>unde</span> <span class='ocrx_word' id='word_1_227' title='bbox 1522 3548 1624 3608; x_wconf 71' lang='lat' dir='ltr'>margo</span> <span class='ocrx_word' id='word_1_228' title='bbox 1647 3521 1736 3668; x_wconf 58' lang='lat' dir='ltr'>(cc)a</span> <span class='ocrx_word' id='word_1_229' title='bbox 1756 3523 1877 3666; x_wconf 76' lang='lat' dir='ltr'>puidam</span> <span class='ocrx_word' id='word_1_230' title='bbox 1903 3523 2065 3588; x_wconf 78' lang='lat' dir='ltr'>suboritur.</span> 
     </span>
    </p>
   </div>
   <div class='ocr_carea' id='block_1_13' title="bbox 686 3603 2069 3860">
    <p class='ocr_par' dir='ltr' id='par_1_14' title="bbox 686 3603 2069 3860">
     <span class='ocr_line' id='line_1_26' title="bbox 687 3603 2066 3692; baseline -0.008 -17"><span class='ocrx_word' id='word_1_231' title='bbox 687 3613 747 3676; x_wconf 80' lang='lat' dir='ltr'>sun</span> <span class='ocrx_word' id='word_1_232' title='bbox 768 3613 820 3670; x_wconf 89' lang='lat' dir='ltr'>bne</span> <span class='ocrx_word' id='word_1_233' title='bbox 843 3607 1023 3688; x_wconf 74' lang='lat' dir='ltr'>depressione</span> <span class='ocrx_word' id='word_1_234' title='bbox 1047 3603 1139 3668; x_wconf 89' lang='lat' dir='ltr'>locata</span> <span class='ocrx_word' id='word_1_235' title='bbox 1166 3609 1206 3668; x_wconf 78' lang='lat' dir='ltr'>eb</span> <span class='ocrx_word' id='word_1_236' title='bbox 1226 3607 1332 3670; x_wconf 85' lang='lat' dir='ltr'>lamina</span> <span class='ocrx_word' id='word_1_237' title='bbox 1353 3605 1399 3690; x_wconf 82' lang='lat' dir='ltr'>(ri)</span> <span class='ocrx_word' id='word_1_238' title='bbox 1426 3607 1593 3692; x_wconf 76' lang='lat' dir='ltr'>proligcra.</span> <span class='ocrx_word' id='word_1_239' title='bbox 1625 3611 1654 3668; x_wconf 88' lang='lat' dir='ltr'>ln</span> <span class='ocrx_word' id='word_1_240' title='bbox 1676 3612 1706 3689; x_wconf 92' lang='lat' dir='ltr'>ip</span> <span class='ocrx_word' id='word_1_241' title='bbox 1773 3609 1913 3668; x_wconf 73' lang='lat' dir='ltr'>abstantia</span> <span class='ocrx_word' id='word_1_242' title='bbox 1930 3603 2066 3666; x_wconf 86' lang='lat' dir='ltr'>thallnde</span> 
     </span>
     <span class='ocr_line' id='line_1_27' title="bbox 686 3685 2069 3772; baseline -0.004 -18"><span class='ocrx_word' id='word_1_243' title='bbox 686 3707 829 3754; x_wconf 83' lang='lat' dir='ltr'>verrucae</span> <span class='ocrx_word' id='word_1_244' title='bbox 849 3685 1001 3756; x_wconf 84' lang='lat' dir='ltr'>immersa,</span> <span class='ocrx_word' id='word_1_245' title='bbox 1022 3686 1264 3760; x_wconf 69' lang='lat' dir='ltr'>centumvirum,</span> <span class='ocrx_word' id='word_1_246' title='bbox 1286 3689 1387 3752; x_wconf 81' lang='lat' dir='ltr'>subrue</span> <span class='ocrx_word' id='word_1_247' title='bbox 1408 3709 1554 3762; x_wconf 82' lang='lat' dir='ltr'>convena,</span> <span class='ocrx_word' id='word_1_248' title='bbox 1576 3689 1832 3772; x_wconf 77' lang='lat' dir='ltr'>eprreacbymaae</span> <span class='ocrx_word' id='word_1_249' title='bbox 1849 3685 1970 3750; x_wconf 77' lang='lat' dir='ltr'>similari</span> <span class='ocrx_word' id='word_1_250' title='bbox 1984 3705 2069 3748; x_wconf 84' lang='lat' dir='ltr'>rem·</span> 
     </span>
     <span class='ocr_line' id='line_1_28' title="bbox 690 3765 1586 3860; baseline 0 -24"><span class='ocrx_word' id='word_1_251' title='bbox 690 3775 827 3860; x_wconf 75' lang='lat' dir='ltr'>positure</span> <span class='ocrx_word' id='word_1_252' title='bbox 842 3765 922 3832; x_wconf 90' lang='lat' dir='ltr'>nulla</span> <span class='ocrx_word' id='word_1_253' title='bbox 939 3771 1060 3853; x_wconf 84' lang='lat' dir='ltr'>propria</span> <span class='ocrx_word' id='word_1_254' title='bbox 1079 3767 1280 3832; x_wconf 85' lang='lat' dir='ltr'>membranas.</span> <span class='ocrx_word' id='word_1_255' title='bbox 1300 3773 1465 3852; x_wconf 87' lang='lat' dir='ltr'>prritbeciu</span> <span class='ocrx_word' id='word_1_256' title='bbox 1480 3773 1586 3836; x_wconf 74' lang='lat' dir='ltr'>emate.</span> 
     </span>
    </p>
   </div>
   <div class='ocr_carea' id='block_1_14' title="bbox 441 3918 2068 4082">
    <p class='ocr_par' dir='ltr' id='par_1_15' title="bbox 441 3918 2068 4082">
     <span class='ocr_line' id='line_1_29' title="bbox 441 3918 2068 4082; baseline 0.008 -107"><span class='ocrx_word' id='word_1_257' title='bbox 441 3947 506 4026; x_wconf 43' lang='lat' dir='ltr'><strong>fi..</strong></span> <span class='ocrx_word' id='word_1_258' title='bbox 531 3955 562 4022; x_wconf 43' lang='grc' dir='ltr'>ᾧ</span> <span class='ocrx_word' id='word_1_259' title='bbox 607 3925 771 4070; x_wconf 52' lang='lat' dir='ltr'>&amp;⁶:1le</span> <span class='ocrx_word' id='word_1_260' title='bbox 787 3919 1030 4082; x_wconf 57' lang='lat' dir='ltr'>pirprpbe&#39;peaptia</span> <span class='ocrx_word' id='word_1_261' title='bbox 1050 3923 1238 4008; x_wconf 83' lang='lat' dir='ltr'>apothecium</span> <span class='ocrx_word' id='word_1_262' title='bbox 1260 3923 1494 3999; x_wconf 79' lang='lat' dir='ltr'>verrucisenne,</span> <span class='ocrx_word' id='word_1_263' title='bbox 1520 3923 1574 3990; x_wconf 88' lang='lat' dir='ltr'>sub</span> <span class='ocrx_word' id='word_1_264' title='bbox 1597 3921 1702 3986; x_wconf 84' lang='lat' dir='ltr'>endem</span> <span class='ocrx_word' id='word_1_265' title='bbox 1725 3918 1861 4006; x_wconf 76' lang='lat' dir='ltr'>adspeciu</span> <span class='ocrx_word' id='word_1_266' title='bbox 1882 3919 2068 3988; x_wconf 76' lang='lat' dir='ltr'>delineatum</span> 
     </span>
    </p>
   </div>
   <div class='ocr_carea' id='block_1_15' title="bbox 647 4129 2072 4300">
    <p class='ocr_par' dir='ltr' id='par_1_16' title="bbox 647 4129 2072 4300">
     <span class='ocr_line' id='line_1_30' title="bbox 647 4129 2072 4218; baseline -0.004 -17"><span class='ocrx_word' id='word_1_267' title='bbox 647 4159 713 4208; x_wconf 67' lang='grc' dir='ltr'>ω.</span> <span class='ocrx_word' id='word_1_268' title='bbox 735 4135 906 4200; x_wconf 84' lang='lat' dir='ltr'>Membrana</span> <span class='ocrx_word' id='word_1_269' title='bbox 927 4129 1076 4204; x_wconf 78' lang='lat' dir='ltr'>colorata.</span> <span class='ocrx_word' id='word_1_270' title='bbox 1098 4153 1241 4196; x_wconf 86' lang='lat' dir='ltr'>verrucae</span> <span class='ocrx_word' id='word_1_271' title='bbox 1258 4133 1422 4218; x_wconf 86' lang='lat' dir='ltr'>supremam</span> <span class='ocrx_word' id='word_1_272' title='bbox 1444 4149 1557 4218; x_wconf 87' lang='lat' dir='ltr'>partcna</span> <span class='ocrx_word' id='word_1_273' title='bbox 1576 4147 1605 4196; x_wconf 89' lang='lat' dir='ltr'>et</span> <span class='ocrx_word' id='word_1_274' title='bbox 1627 4133 1765 4196; x_wconf 87' lang='lat' dir='ltr'>laminam</span> <span class='ocrx_word' id='word_1_275' title='bbox 1792 4131 1971 4216; x_wconf 77' lang='lat' dir='ltr'>proliceram</span> <span class='ocrx_word' id='word_1_276' title='bbox 1996 4155 2072 4196; x_wconf 87' lang='lat' dir='ltr'>roa·</span> 
     </span>
     <span class='ocr_line' id='line_1_31' title="bbox 691 4213 2004 4300; baseline 0 -20"><span class='ocrx_word' id='word_1_277' title='bbox 691 4235 951 4280; x_wconf 67' lang='lat' dir='ltr'>enumeraveram</span> <span class='ocrx_word' id='word_1_278' title='bbox 967 4213 1161 4290; x_wconf 79' lang='lat' dir='ltr'>subjacentem</span> <span class='ocrx_word' id='word_1_279' title='bbox 1180 4229 1296 4296; x_wconf 70' lang='lat' dir='ltr'>tegent,</span> <span class='ocrx_word' id='word_1_280' title='bbox 1319 4219 1513 4300; x_wconf 87' lang='lat' dir='ltr'>periabetium</span> <span class='ocrx_word' id='word_1_281' title='bbox 1530 4213 1743 4298; x_wconf 83' lang='lat' dir='ltr'>incomplctuut</span> <span class='ocrx_word' id='word_1_282' title='bbox 1763 4217 1843 4298; x_wconf 86' lang='lat' dir='ltr'>quali</span> <span class='ocrx_word' id='word_1_283' title='bbox 1860 4215 2004 4280; x_wconf 80' lang='lat' dir='ltr'>efficiam·</span> 
     </span>
    </p>
   </div>
   <div class='ocr_carea' id='block_1_16' title="bbox 650 4339 1905 4428">
    <p class='ocr_par' dir='ltr' id='par_1_17' title="bbox 650 4339 1905 4428">
     <span class='ocr_line' id='line_1_32' title="bbox 650 4339 1905 4428; baseline -0.004 -15"><span class='ocrx_word' id='word_1_284' title='bbox 650 4351 683 4416; x_wconf 86' lang='lat' dir='ltr'>b.</span> <span class='ocrx_word' id='word_1_285' title='bbox 706 4345 856 4428; x_wconf 78' lang='lat' dir='ltr'>Deprciiio</span> <span class='ocrx_word' id='word_1_286' title='bbox 873 4343 1070 4418; x_wconf 80' lang='lat' dir='ltr'>disciformia,</span> <span class='ocrx_word' id='word_1_287' title='bbox 1092 4347 1251 4422; x_wconf 68' lang='lat' dir='ltr'>marginem</span> <span class='ocrx_word' id='word_1_288' title='bbox 1268 4339 1312 4422; x_wconf 90' lang='lat' dir='ltr'>(c.</span> <span class='ocrx_word' id='word_1_289' title='bbox 1321 4345 1364 4428; x_wconf 91' lang='lat' dir='ltr'>r.)</span> <span class='ocrx_word' id='word_1_290' title='bbox 1379 4343 1517 4408; x_wconf 84' lang='lat' dir='ltr'>obtusum</span> <span class='ocrx_word' id='word_1_291' title='bbox 1529 4347 1718 4406; x_wconf 83' lang='lat' dir='ltr'>circumcirca</span> <span class='ocrx_word' id='word_1_292' title='bbox 1736 4342 1905 4408; x_wconf 73' lang='lat' dir='ltr'>efformare.</span> 
     </span>
    </p>
   </div>
   <div class='ocr_carea' id='block_1_17' title="bbox 651 4469 2076 4628">
    <p class='ocr_par' dir='ltr' id='par_1_18' title="bbox 651 4469 2076 4628">
     <span class='ocr_line' id='line_1_33' title="bbox 651 4469 2076 4628; baseline 0 -86"><span class='ocrx_word' id='word_1_293' title='bbox 651 4475 729 4624; x_wconf 47' lang='grc' dir='ltr'>δῖ..</span> <span class='ocrx_word' id='word_1_294' title='bbox 750 4475 991 4628; x_wconf 54' lang='grc' dir='ltr'>Ξιῗέἃῖπιιαε</span> <span class='ocrx_word' id='word_1_295' title='bbox 1015 4494 1032 4539; x_wconf 91' lang='lat' dir='ltr'>a</span> <span class='ocrx_word' id='word_1_296' title='bbox 1060 4471 1153 4540; x_wconf 81' lang='lat' dir='ltr'>aballv</span> <span class='ocrx_word' id='word_1_297' title='bbox 1179 4469 1307 4538; x_wconf 81' lang='lat' dir='ltr'>sarmata</span> <span class='ocrx_word' id='word_1_298' title='bbox 1330 4487 1360 4536; x_wconf 84' lang='lat' dir='ltr'>ct</span> <span class='ocrx_word' id='word_1_299' title='bbox 1385 4471 1518 4548; x_wconf 83' lang='lat' dir='ltr'>elevata,</span> <span class='ocrx_word' id='word_1_300' title='bbox 1543 4474 1751 4538; x_wconf 82' lang='lat' dir='ltr'>emembrem</span> <span class='ocrx_word' id='word_1_301' title='bbox 1780 4473 1913 4540; x_wconf 81' lang='lat' dir='ltr'>eeterm</span> <span class='ocrx_word' id='word_1_302' title='bbox 1935 4471 2076 4564; x_wconf 73' lang='lat' dir='ltr'>(nbc.)</span> 
     </span>
     <span class='ocr_line' id='line_1_34' title="bbox 732 4579 750 4622; baseline 0 0"><span class='ocrx_word' id='word_1_303' title='bbox 732 4579 750 4622; x_wconf 92' lang='lat' dir='ltr'>u</span> 
     </span>
    </p>
   </div>
   <div class='ocr_carea' id='block_1_18' title="bbox 2006 4689 2083 4768">
    <p class='ocr_par' dir='ltr' id='par_1_19' title="bbox 2006 4689 2083 4768">
     <span class='ocr_line' id='line_1_35' title="bbox 2006 4689 2083 4768; baseline 0 0"><span class='ocrx_word' id='word_1_304' title='bbox 2006 4689 2083 4768; x_wconf 69' lang='lat' dir='ltr'>fia·</span> 
     </span>
    </p>
   </div>
   <div class='ocr_carea' id='block_1_19' title="bbox 0 0 2220 5530">
    <p class='ocr_par' dir='ltr' id='par_1_20' title="bbox 0 0 2220 5530">
     <span class='ocr_line' id='line_1_36' title="bbox 0 0 2220 5530; baseline 0 0"><span class='ocrx_word' id='word_1_305' title='bbox 0 0 2220 5530; x_wconf 95' lang='lat' dir='ltr'> </span> 
     </span>
    </p>
   </div>
  </div>
 </body>
</html>
