4398 5524
400 353 475 426 254
1034 347 1189 399 tectum
1218 322 1398 401 Catillatia.

407 549 444 608 2.
469 525 684 606 anctum
710 513 989 626 paliarina.
1015 552 1053 600 a.

459 659 499 734 L.
518 654 622 730 crulla
648 651 771 728 rimula
792 647 1136 734 albo-cineraleente,
1161 648 1281 723 areolia
1304 645 1428 746 plania}
1461 651 1640 748 apotlaeeiia
1663 653 1814 726 tenuibus
1836 651 1962 727 etullae
1977 659 2040 728 im·

464 803 467 808 ·
518 754 633 831 merlis
658 757 762 852 plania
789 757 860 830 latia
881 750 1092 826 difformibua
1120 750 1362 825 confluentibus
1384 746 1683 851 lubimmatginatia
1709 759 1809 848 atria,
1842 759 1930 829 intua
1956 779 2038 830 oon·

522 856 706 932 coloribus.

459 983 595 1058 Habitat
615 985 650 1054 in
668 977 750 1054 saxia
765 979 855 1054 duria
870 978 911 1053 ad
927 1005 1022 1080 rupes
1042 978 1210 1052 Helvetiae
1229 979 1416 1062 Sellticber,
1443 976 1568 1052 Sudatia
1584 983 1701 1082 Mofig.
1740 1021 1747 1030 ·

458 1107 580 1198 ‚Crulla
597 1105 685 1180 baud
707 1108 864 1206 laevigata
884 1103 1048 1177 interdum
1067 1099 1253 1201 pallescens.
1307 1103 1486 1199 Apothecia
1508 1103 1718 1176 membranae
1735 1100 1776 1175 ad
1793 1101 1893 1176 inllar
1912 1109 2037 1192 tenuia,

524 1209 667 1282 maculae
690 1203 863 1277 difformes
884 1206 1007 1277 crullae
1032 1200 1201 1274 irtarnerlas
1233 1225 1309 1273 tato
1334 1227 1390 1295 per
1419 1222 1556 1274 aetatem
1582 1201 1848 1276 connexiusculaa
1873 1201 2037 1290 offerunt,

520 1314 672 1404 margine
693 1311 780 1376 tenui
809 1312 946 1404 proptio
969 1299 1061 1402 saepe
1083 1309 1137 1374 uix
1162 1301 1363 1399 perceptibili
1386 1297 1668 1398 circumscriptae,
1704 1308 1739 1374 in
1767 1303 1885 1376 areolia
1911 1305 2039 1377 erullae

519 1406 657 1504 lingulis
681 1431 788 1477 nuum
810 1407 862 1478 vel
884 1405 988 1502 plura.
1051 1399 1165 1475 Discus
1189 1407 1243 1471 aix
1265 1398 1357 1498 supra
1376 1401 1518 1476 crullam
1540 1408 1574 1474 in
1593 1406 1777 1497 junioribus
1801 1410 1948 1496 eminet,
1981 1401 2039 1480 led

516 1513 620 1582 ratim
637 1511 789 1606 margine
804 1505 951 1605 quodam
969 1502 1115 1577 thallode
1128 1498 1241 1602 spurio
1258 1494 1470 1599 subcingitur.

342 1723 346 1732 .
463 1660 575 1734 Etiam
599 1663 633 1729 itt
655 1661 898 1730 Lecanorae
922 1651 1229 1748 multipunclae
1251 1655 1402 1721 varietate
1426 1649 1633 1724 rimulol'a
1657 1652 1737 1725 loco
1755 1657 1956 1751 puat‘lotum
1975 1658 2042 1732 ele.

526 1779 678 1830 vatorum
704 1757 847 1828 maculae
871 1763 1011 1846 tnaiores
1036 1760 1080 1823 im
1109 1747 1220 1834 rellan,
1247 1755 1417 1846 apothecia
1440 1751 1644 1824 beeideae
1674 1755 1949 1850 pantollillae
1969 1757 2041 1832 alli.

525 1856 803 2053 :pialeanppp'pppppt
819 1852 873 1926 sed
893 1853 970 1926 ideo
993 1859 1054 1926 lrae
1081 1779 1202 1948 lpeciee
1226 1873 1298 1922 nou
1314 1845 1591 1935 confundendae,
1628 1877 1732 1951 quum
1754 1857 1831 1926 alias
1847 1857 2043 1932 attinuisse-

328 2107 330 2112 ’
464 2101 537 2182 Nili·
555 2105 688 2200 aelligia
705 2110 863 2200 marginis
879 2111 1006 2203 proprii
1021 2098 1174 2185 adelstnt,
1206 2096 1303 2172 l'acile
1323 2126 1386 2198 pro
1408 2105 1639 2174 bathoniae
1659 2098 1761 2198 l'peeie
1778 2105 1958 2192 haberetur,
1985 2101 2040 2178 sed

522 2207 683 2280 laminam
699 2207 943 2302 cartilagiueam
966 2208 1189 2302 proligerant‚
1216 2205 1427 2297 apothecium
1447 2221 1555 2274 totum
1579 2201 1802 2296 efficientem,
1824 2201 1934 2280 subtus
1956 2212 2043 2280 exei-

528 2311 577 2403 pit
591 2302 763 2377 substantia
777 2308 849 2378 alba
865 2307 1052 2378 medullaris
1072 2305 1175 2376 tlaalli.

437 2473 484 2564 Β.
513 2485 553 2554 L.
569 2484 766 2577 polyblalla:
786 2479 891 2552 crulla
905 2481 1063 2576 laevigata
1084 2472 1208 2550 rimosa
1228 2482 1380 2563 cervium
1416 2479 1594 2574 apotheciia
1609 2475 1772 2552 immerlie
1792 2477 1897 2579 plania
1924 2486 2043 2579 nigro·

493 2575 594 2652 fulcit
609 2586 643 2651 in
663 2577 788 2676 lingula
805 2582 914 2652 areola
934 2585 1032 2652 unico
1048 2573 1230 2650 secundum
1245 2580 1432 2652 areolarum
1444 2580 1587 2676 angulos
1601 2575 1764 2650 formato.

466 2705 602 2776 Habitat
621 2708 657 2774 ita
671 2706 803 2799 rupibus
824 2705 1003 2776 Helvetiae.
1055 2703 1232 2778 uenatu.

467 2828 666 2900 Humeelata
692 2848 723 2899 et
747 2827 847 2899 oculo
875 2847 1003 2899 armato
1025 2821 1174 2918 adspetta
1199 2825 1421 2925 pulcherrima
1441 2826 1496 2901 att.
1556 2831 1710 2902 Maeuiae
1727 2829 1978 2927 apotbeeiomtn
1996 2825 2045 2905 se·

524 2925 675 3002 eundum
697 2927 883 3000 areolarum
911 2925 1050 3023 angulot
1073 2921 1235 2998 formatae
1250 2948 1281 2998 et
1302 2931 1381 2999 ltine
1397 2927 1595 3027 polygenae
1609 2957 1646 3002 ac
1661 2925 1855 3021 difforme,
1887 2943 2044 3034 margine

530 3027 718 3144 amplarum
737 3032 917 3100 tenerrimo
936 3021 1024 3126 quasa
1042 3023 1212 3097 ocellatae.

442 3223 480 3291 γ.
508 3201 550 3275 L.
567 3201 714 3296 spiloln:
744 3201 847 3273 ceolla
872 3193 1168 3273 areolam-rimosa
1196 3196 1393 3296 inaequabili
1415 3199 1599 3288 albicantea.
1634 3207 1815 3300 apotbeeiia
1837 3203 1961 3280 cmllae
1983 3205 2044 3278 ad·

494 3297 606 3400 pressa
627 3301 729 3400 plania
745 3307 896 3399 margine
910 3304 1047 3400 proprio
1064 3304 1152 3372 tenu-i
1167 3300 1292 3370 elevato
1310 3297 1490 3372 thallodem
1507 3299 1653 3404 iporiam
1671 3301 1872 3402 strbtegmte.

467 3425 605 3522 Habitat
619 3424 663 3498 ad
681 3421 752 3498 laxa
769 3432 806 3500 in
823 3426 1004 3499 Sw'a'lteraa
1017 3423 1155 3498 Wellro
1168 3426 1322 3500 Gothiae.
1370 3428 1408 3494 ln
1429 3423 1579 3498 Helvetia
1601 3429 1777 3503 Sebltieler.

471 3549 639 3620 Strulluaa
652 3553 903 3646 apotbeciorum
920 3579 941 3620 a
959 3549 1122 3648 prioribua
1141 3553 1188 3638 (aa
1207 3565 1237 3617 et
1258 3537 1308 3633 β).
1327 3545 1369 3618 ali
1397 3567 1532 3620 mamm
1557 3547 1716 3624 dillinela.
1772 3557 1953 3653 bpatlteca'a
1975 3577 2044 3630 tam

532 3652 664 3740 juniora
682 3675 782 3747 quam
797 3648 906 3722 adulta
919 3649 1041 3721 erullae
1055 3651 1144 3721 art‘le
1162 3641 1306 3744 adptelsa
1326 3666 1357 3718 et
1372 3575 1599 3736 iubitmnersa,
1622 3657 1836 3750 margiuetpue
1851 3653 1943 3728 diseo
1960 3683 2046 3730 eon·

531 3746 645 3819 eolori
663 3774 779 3847 parum
797 3749 925 3823 elevato
941 3751 1057 3826 dalla.
1111 3753 1216 3821 Hicce
1234 3771 1352 3844 margo
1371 3754 1525 3842 proprius
1547 3757 1733 3848 marginem
1750 3752 1944 3828 inferiorem
1959 3761 2045 3830 abal·

528 3843 647 3920 ladem
665 3854 910 3946 prominentem
933 3871 966 3923 et
988 3873 1028 3922 ex
1057 3843 1268 3948 impaellioue
1297 3851 1548 3944 apotheeioruaa
1575 3871 1688 3924 ortum
1710 3850 1815 3928 ferme
1841 3866 1946 3955 tegit,
1983 3865 2047 3957 qui

444 4005 451 4012 .
530 3973 704 4050 nunquam
724 3947 850 4048 superat
865 3957 1050 4050 marginem
1068 3948 1162 4028 dit'ai.

468 4079 621 4149 Occurrit
634 4078 812 4174 apotheciia
827 4081 960 4149 minutia
975 4096 1007 4149 et
1022 4072 1066 4148 lat
1083 4077 1213 4171 magnis
1231 4079 1266 4148 itt
1286 4071 1420 4148 cliaerlia
1434 4071 1629 4153 individuis,

447 4236 477 4320 ὃ.
499 4248 534 4320 b.
557 4253 721 4324 uiridem:
753 4249 860 4324 crull-a
881 4248 1002 4350 pallide
1023 4239 1343 4343 maon-ainana,
1370 4248 1489 4326 areolis
1508 4249 1728 4350 inaequalibus
1748 4253 1938 4354 eomlofi23
1962 4283 2042 4360 apo·

533 4347 646 4419 theciia
667 4345 865 4424 subclevati'a.

472 4469 659 4556 lbbitaeia
675 4471 811 4558 sedem.
843 4479 962 4582 Mossg,

1957 4635 2047 4708 cm·
