4398 5524
480 388 553 456 130
1193 381 1379 432 corcram

478 588 510 640 er
528 566 683 640 omnibus
702 561 925 638 Collemarum
947 556 1122 658 speciebus,
1148 556 1256 633 immo
1273 564 1371 632 etiam
1389 555 1411 631 li
1429 576 1497 631 atra
1513 555 1635 632 suerint
1650 583 1762 631 earum
1779 564 1971 660 Apothecia‚
1997 565 2109 641 elrallo

477 669 657 741 concolora
682 663 825 738 evadunt
845 681 877 734 et
899 661 1049 738 colorem
1076 661 1270 760 plerumque
1294 655 1431 734 obscure
1456 657 1600 733 viridem
1621 657 1703 735 dum
1728 663 1960 739 humedlantur
1982 676 2109 742 omnia

481 789 664 870 acquirunt.
1042 789 1044 794 ’

593 971 631 1038 In
656 962 783 1038 vetnssie
804 964 982 1061 apotheeiir
1000 959 1053 1034 illa
1073 985 1170 1059 pare,
1198 985 1280 1059 quae
1295 957 1421 1033 discum
1437 956 1584 1045 format,
1615 961 1794 1059 aliquando
1818 959 1975 1051 solvitur,
2014 985 2054 1038 ut
2077 972 2112 1040 in

482 1064 677 1168 quibusdam
700 1068 851 1136 Liclrenie
877 1062 1167 1140 Coenothalamis‚
1205 1081 1300 1154 atque
1325 1062 1478 1133 elabitur:
1519 1057 1573 1133 sed
1596 1086 1635 1132 ex
1657 1058 1744 1134 hisce
1770 1065 2009 1161 phoenomenis
2036 1093 2110 1138 oon

484 1163 772 1250 concludendum,
799 1163 957 1233 laminam
984 1186 1093 1233 veram
1122 1155 1343 1241 discoideam.
1374 1187 1392 1231 e
1414 1165 1547 1256 propria
1570 1156 1690 1234 scilicet
1714 1157 1885 1235 iubilantin
1909 1161 2110 1252 formatam,

482 1273 518 1339 in
537 1266 826 1346 Collemarum
852 1263 1029 1357 apotheciia
1055 1260 1213 1344 exillere,
1246 1285 1348 1354 quum
1369 1257 1458 1332 idem
1484 1264 1520 1331 in
1537 1260 1735 1333 Liehcnibus
1755 1259 1978 1340 Idiothalamis
1991 1261 2111 1339 obser·

481 1388 595 1455 uetur,
620 1365 674 1440 reli
688 1365 829 1451 lamina,
852 1365 1012 1434 uirnieum
1027 1365 1162 1460 propria
1174 1379 1206 1430 et
1224 1355 1389 1448 diliana,
1415 1379 1501 1434 cerie
1518 1384 1589 1433 non
1605 1360 1771 1458 praeditis.

593 1591 718 1662 Habitu
732 1575 937 1668 Lichenoso,
964 1599 1000 1654 ur
1019 1587 1060 1654 irc
1076 1579 1204 1669 dicam,
1240 1601 1271 1655 et
1288 1576 1465 1680 praesentia
1485 1585 1514 1654 A
1539 1584 1747 1657 orireciorum
1769 1587 1811 1658 ab
1827 1587 1979 1662 affinibus
2000 1589 2110 1662 Tre·

483 1687 628 1765 mellis
652 1683 822 1760 discedunt
849 1682 1092 1758 Collemata
1115 1703 1146 1754 et
1169 1683 1362 1754 Licheoibus
1385 1679 1463 1772 julie
1492 1607 1768 1768 adnumerantur,
1809 1711 1893 1784 quoa
1915 1693 2001 1760 inter
2030 1713 2109 1782 pro.

486 1797 598 1886 prium
625 1792 738 1862 Genus
762 1788 882 1883 absque
909 1780 1012 1854 dubio
1038 1779 1184 1854 formare
1201 1779 1340 1863 debent,
1380 1777 1550 1852 substantia
1575 1778 1752 1876 gelarinosa
1778 1789 1991 1882 homogenea
2015 1789 2111 1859 elaalli

485 1913 516 1961 cr
538 1892 808 1988 apotheciorum,
841 1902 872 1954 et
889 1885 1055 1982 Gongylis
1075 1887 1111 1955 in
1130 1887 1189 1956 hac
1207 1899 1273 1955 tota
1296 1876 1469 1954 substantia
1489 1877 1623 1953 fimilari
1644 1880 1866 1958 nidulnntibus
1890 1884 2007 1973 nudis,
2036 1883 2111 1958 sarie

486 1989 647 2090 superque
667 1985 869 2062 dillinclum.

600 2191 735 2261 Nomen
763 2187 899 2256 Generis
923 2206 941 2251 a
968 2191 1106 2265 κολλα,
1132 2180 1283 2276 gluten
1302 2177 1549 2274 etymologiam
1572 2176 1679 2267 ducit,
1710 2179 1753 2251 ob
1774 2173 1983 2253 substantiam
2005 2188 2108 2254 torius

487 2278 959 2460 {ppllpppipmsubgelatinosam
1002 2302 1096 2353 anteo
1126 2287 1166 2352 ab
1197 2275 1382 2365 Hoffm,
1414 2277 1552 2468 Hills
1550 2297 1582 2351 et
1607 2280 1773 2354 Schreb.
1797 2284 1835 2352 io
1855 2281 1975 2357 Gener.
1999 2283 2107 2358 Plane.

491 2687 534 2762 M
567 2582 658 2760 hllld
680 2589 746 2758 poc
771 2588 880 2658 Genus
904 2576 1113 2656 referendae:
1138 2581 1356 2652 Parnecrrc
1374 2580 1502 2676 Species
1522 2595 1554 2652 et
1571 2578 1760 2653 Licinum
1783 2583 1879 2654 unica
1897 2583 1932 2653 io
1956 2583 2106 2656 Achae.

536 2705 566 2758 et
591 2740 600 2762 .
651 2709 757 2760 rcren.

957 2992 1265 3092 Explieario
1316 2993 1638 3090 Figuratum:

1177 3195 1279 3269 Tab.
1322 3193 1422 3266 xlv.

491 3413 554 3490 fig.
577 3417 606 3480 8.
653 3403 842 3474 collemaris
860 3395 963 3485 limofi
978 3398 1167 3480 apotheeium
1182 3415 1198 3457 e
1213 3393 1305 3458 thallo
1320 3407 1415 3456 tolum
1430 3391 1610 3462 formatum,
1631 3391 1670 3454 ed
1682 3392 1923 3476 perpendiculum
1941 3395 2110 3472 dissonum,

730 3483 929 3562 magnitudine
952 3479 1039 3542 valde
1056 3481 1150 3539 audie.

698 3612 726 3652 a.
749 3594 879 3650 Granum
907 3579 1123 3652 herminula,
1161 3579 1246 3643 thalli
1275 3594 1390 3665 partem
1419 3579 1592 3639 constituam
1621 3591 1651 3638 et
1682 3581 1714 3636 iu
1745 3579 1933 3658 apotheciurn
1966 3583 2112 3646 transfor·

742 3687 827 3730 mare.

698 3775 729 3837 b.
751 3773 902 3913 Imphrellio
931 3778 1067 3831 excavata
1093 3763 1300 3837 disciformia,
1339 3761 1416 3824 unde
1444 3765 1476 3823 iu
1500 3764 1612 3822 ambitu
1641 3765 1834 3838 marginatum
1866 3781 1986 3845 apparet
2017 3770 2115 3830 hoece

740 3873 797 3935 apo
833 3873 940 3914 eemm.

703 3979 728 4019 e.
749 3963 878 4018 Verruro
896 3955 917 4016 s.
936 3975 1057 4033 granum
1078 3949 1160 4014 eliud
1182 3947 1266 4010 thalli
1285 3949 1395 4032 absque
1422 3946 1626 4030 impresslone,
1653 3961 1683 4007 et
1702 3945 1771 4007 hine
1793 3947 1897 4012 lierilie
1919 3969 1971 4012 nec
1990 3956 2022 4013 in
2049 3955 2115 4018 ior.

740 4057 818 4099 mem
838 4039 985 4118 oporheeii
1010 4047 1132 4096 murelo·

684 4137 861 4230 ObJ.1uern
890 4141 1074 4202 subllenriam
1105 4147 1196 4196 roiam
1221 4132 1463 4212 subgelarinosam
1488 4136 1701 4226 homogeneenr
1727 4145 1757 4191 et
1775 4133 1937 4226 'similamur
1965 4137 2051 4198 thalli
2080 4161 2117 4200 oe

680 4223 847 4384 opppihcebcpp,
875 4219 992 4298 gongyli
1023 4215 1098 4278 nudi
1126 4213 1291 4276 uidulentea
1319 4229 1475 4276 occurrunt
1503 4233 1534 4272 nr
1567 4211 1620 4270 hac
1649 4227 1679 4270 er
1701 4214 1839 4274 omnibus
1868 4217 1954 4291 liuius
1985 4221 2117 4280 Generis

494 4462 555 4538 ch
578 4473 611 4536 o.
653 4451 845 4520 Bollemoris
863 4445 990 4532 pnlpofi
1008 4447 1199 4529 epocheeium
1220 4444 1329 4526 scliile,
1352 4467 1419 4510 eum
1438 4443 1638 4530 pemmoni,
1658 4447 1784 4512 seniore
1805 4451 2045 4534 perpendiculari
2060 4473 2120 4538 per

730 4532 882 4615 apotheeii
898 4543 1041 4596 centrum.
1065 4549 1105 4590 ua.
1120 4548 1148 4594 o.
