4398 5524
462 392 534 476 114
1040 394 1043 405 ·
1114 395 1424 448 aarunocnunott.

390 641 400 652 .
459 571 585 650 sedhic
603 594 714 648 tamen
732 569 789 646 sub
806 561 931 648 emlaitn
948 569 1089 646 laminae
1106 567 1324 671 utplurimum
1339 563 1423 657 (nifi
1446 564 1662 641 vetussilllmia
1681 585 1778 666 atque
1799 583 1902 642 aetate
1923 579 2089 673 corruptia

461 681 658 776 apotheciis)
681 693 830 748 remanet
852 699 967 773 parum
993 678 1204 772 prominens,
1238 668 1326 744 unde
1350 665 1407 740 sub
1433 672 1520 742 vitria
1544 665 1640 742 valde
1664 673 1874 768 augentibus,
1910 671 2085 782 cumipse

461 778 586 852 ambitu
600 775 743 848 laminae
762 773 884 874 duplex
900 771 989 874 quast
1006 799 1125 872 margo
1143 767 1275 845 obtulus
1289 767 1464 844 formatur.

572 921 705 998 Eodem
719 921 825 996 modo
842 928 1009 1022 peragitur
1023 928 1056 994 in
1075 925 1140 994 hoe
1153 923 1281 993 Genera
1302 921 1464 1014 apothe'cii
1482 923 1621 992 mutatio
1639 945 1676 992 ac
1696 923 1730 991 in
1757 916 1952 1018 quibusdam
1966 925 2089 998 Leca·
2193 957 2194 988 t

463 1049 596 1102 norae
619 1020 795 1122 speciebus.
859 1027 992 1096 Totum
1016 1025 1224 1118 apothecium
1252 1025 1286 1090 in
1313 1024 1409 1092 otttni
1426 1025 1537 1092 aetatis
1563 1017 1703 1115 periodo
1726 1018 1916 1093 intrinsecae
1940 1017 2089 1098 solidum

466 1150 529 1200 nee
545 1151 684 1197 vacuum
702 1145 736 1194 ut
758 1130 792 1194 in
813 1123 1130 1216 Cenomycidia.
1190 1120 1421 1220 Utplurimum
1451 1115 1595 1192 solitaria
1619 1117 1887 1222 suatopotheaia
1910 1115 1965 1196 sed
1987 1129 2091 1200 etiam

466 1228 512 1299 ob
534 1223 755 1324 frequentiam
772 1222 1021 1326 conglomerata
1038 1221 1192 1294 evadunt.
1350 1303 1357 1314 Ι
1672 1263 1675 1266 -

577 1375 734 1445 laminae
754 1372 938 1469 proligerae
957 1366 1062 1444 inleta
1083 1365 1289 1468 superficies,
1306 1392 1377 1441 non
1394 1363 1584 1442 immediate
1602 1363 1793 1444 substantiae
1805 1369 1980 1446 medullari
1996 1373 2092 1446 thalli

466 1471 519 1544 vel
539 1476 703 1570 apothecii
725 1477 889 1545 interioria
904 1475 1008 1570 (qnae
1029 1469 1145 1541 eadem
1169 1471 1231 1557 eil)
1251 1465 1455 1554 adnascitur,
1486 1463 1540 1540 sed
1565 1475 1599 1542 in
1624 1466 1795 1544 substantia
1819 1471 1966 1567 ejusdem
1989 1480 2091 1548 eorti-

466 1571 528 1646 cali
544 1571 672 1646 inllrata
695 1579 847 1646 cernitur.
904 1579 942 1644 in
965 1577 1030 1644 hoc
1055 1573 1178 1668 pundo
1200 1565 1326 1642 diversa
1350 1566 1423 1643 sunt
1449 1571 1830 1645 Stereoeaulorum
1852 1577 2024 1674 apotheeia
2050 1577 2091 1646 ab

469 1669 724 1760 llidiorum,
751 1670 1081 1762 liaeomyeidum
1107 1698 1145 1742 ac
1162 1673 1489 1762 Cenprny'cium.
1541 1675 1659 1768 Neque
1680 1677 1714 1742 in
1737 1679 1786 1745 laia
1809 1677 1989 1747 Generibus
2010 1675 2095 1746 ollae

467 1771 764 1948 npppgofthallodet
785 1798 876 1944 nerag
898 1772 1016 1945 adeilb,s
1040 1767 1153 1842 saltem
1177 1768 1368 1870 persistent,
1401 1795 1510 1871 neque
1533 1775 1744 1870 apothecium
1768 1799 1811 1846 eo
1832 1771 1940 1846 modo
1959 1777 2001 1848 ab
2019 1769 2094 1874 ipso

467 1891 479 1948 i
549 1899 571 1946 a
605 1893 772 1946 orinatum
790 1899 853 1972 apu
895 1897 972 1945 eao
1010 1895 1150 1945 etvatur.

580 2027 683 2096 Striae
707 2029 790 2096 intra
813 2023 1037 2122 perenchyma
1060 2025 1216 2096 Larninae
1240 2019 1424 2118 proligetae
1441 2022 1558 2095 obviae
1579 2027 1632 2096 vix
1656 2047 1674 2094 e
1694 2021 1819 2098 cellulis
1835 2021 2031 2123 quibusdam
2051 2025 2097 2096 ibi

470 2118 690 2222 praesentibus
711 2129 878 2221 originem
894 2125 1036 2210 ducunt,
1059 2118 1113 2194 sed
1133 2121 1321 2220 egongylia
1340 2129 1381 2194 ita
1400 2117 1561 2222 dispolltit
1582 2145 1615 2194 et
1638 2120 1746 2196 versut
1768 2125 2030 2198 membranulam
2051 2125 2098 2196 la·

472 2250 583 2424 ἓξὲξ
607 2228 794 2426 gpggergpggn
815 2222 943 2353 denllut
969 2249 1028 2325 pet
1044 2221 1211 2298 intervalla
1233 2227 1434 2324 aggregarit,
1466 2227 1512 2296 uti
1543 2217 1688 2298 let‘lione
1711 2222 1870 2300 laminae
1892 2225 2099 2300 horizontali

474 2467 478 2474 ⁴
584 2481 638 2548 Sic
661 2503 729 2550 non
758 2473 844 2550 levet
867 2473 951 2548 adeo
973 2470 1049 2548 sunt
1071 2471 1276 2550 differentiae
1299 2473 1576 2548 Stereocaula
1600 2502 1617 2546 a
1641 2480 1836 2578 propinquit
1859 2495 1892 2549 et
1915 2481 1980 2568 jam
2005 2501 2099 2547 nunc

476 2583 674 2650 enumeratis
690 2579 870 2650 Generibua
889 2575 1142 2674 distinguentes,
1168 2598 1202 2648 ut
1217 2578 1271 2649 alii
1290 2594 1463 2673 putarunt,
1489 2571 1631 2676 lugitivia
1654 2598 1803 2667 tantum,
1828 2596 1862 2650 ut
1883 2583 1991 2669 ajunt,
2019 2601 2102 2647 ocu·

474 2673 513 2748 lia
539 2681 706 2775 apothecia
730 2679 865 2752 illorum
884 2681 1056 2750 vetuiliora
1079 2673 1265 2774 spedantea.
1325 2681 1381 2750 Sin
1404 2675 1444 2749 ad
1468 2679 1630 2751 Thallum
1653 2679 2026 2751 Steteocauiorum
2050 2698 2097 2747 at·

477 2783 583 2854 'tentio
605 2780 714 2852 nollra
733 2785 887 2864 vertitur,
914 2803 991 2850 eum
1009 2801 1075 2850 tam
1095 2781 1134 2848 ab
1159 2783 1230 2860 his,
1257 2799 1288 2850 et
1312 2773 1453 2850 absentia
1478 2755 1689 2873 podetiorum
1711 2800 1743 2851 et
1765 2782 1874 2852 habitu
1899 2773 2098 2852 fruticuioio

480 2901 576 2978 atque
590 2875 762 2954 substantia
778 2876 926 2978 lignosa,
956 2905 1056 2980 quam
1079 2879 1149 2950 aliia
1175 2881 1426 2977 proprietatibus
1456 2877 1670 2976 firrgularibus
1692 2881 1732 2950 ab
1755 2883 1910 2952 onmibua
1931 2875 2000 2951 lere
2023 2879 2102 2950 reli·

477 2981 550 3152 goia
572 2985 752 3054 Liciteuum
770 2983 951 3055 Generibua
965 3003 1167 3078 magnopere
1184 2975 1318 3052 disserte
1337 3005 1416 3054 mox
1436 2976 1522 3052 sorte
1542 2977 1751 3053 concedatur.
1793 2975 1987 3078 Sublignola
2007 2981 2099 3052 thalli
2193 3061 2194 3076 χ

493 3080 647 3254 ubiasilantia
667 3080 854 3158 medullaris
872 3077 981 3156 versut
997 3081 1203 3155 ramulorum
1222 3085 1342 3180 apices,
1360 3082 1414 3152 ubi
1429 3077 1598 3178 apotheeia
1610 3075 1750 3158 formari
1767 3085 1941 3182 incipiunt,
1959 3081 2101 3152 mollior

478 3205 500 3254 ο
538 3205 679 3262 ertator.

591 3337 728 3406 Nomen
749 3336 886 3406 Genetit
908 3335 948 3404 ab
972 3331 1188 3406 tilussrtffino
1210 3330 1422 3404 Schreber
1441 3327 1645 3426 proposstum
1671 3323 1844 3419 (subditis.
1861 3329 2043 3400 Lichenum
2067 3334 2103 3401 in

481 3433 564 3503 Gen.
585 3433 706 3521 i’lant.)
728 3462 746 3505 a
764 3458 919 3528 erepton,
946 3430 1158 3506 solidaret
1181 3441 1310 3502 enonas
1325 3431 1466 3502 caulit
1483 3429 1706 3528 cntnpofitum
1723 3431 1790 3518 elle
1816 3431 1861 3502 ob
1874 3427 2025 3516 thallum,
2043 3435 2101 3528 qui
2193 3441 2194 3463 ¹

482 3535 518 3603 in
533 3535 598 3604 hoc
614 3535 862 3608 Genetecaulea
885 3529 1009 3606 solidor
1029 3531 1140 3613 relert,

480 3691 484 3706 '
594 3681 661 3754 snb
688 3685 898 3756 hocGenere
922 3678 1522 3786 comprehendunturConnnnomts
1547 3683 1640 3778 Spec.
1664 3671 1828 3752 Hollm.
1862 3710 1904 3734 -
1956 3683 2106 3752 Canna·

484 3793 576 3856 »ωε
593 3787 686 3888 Spee.
706 3781 855 3860 Willd.

943 4009 1260 4112 Explicatio
1317 4011 1643 4110 Figuratum.

1174 4163 1279 4240 Tab.
1330 4160 1415 4234 ΧΗ.

479 4312 551 4393 Τις.
571 4327 602 4390 3.
644 4318 679 4376 Α.
704 4305 904 4377 Stereocnnii
919 4303 1070 4388 rnmnlnfi
1083 4301 1271 4388 apothetitirn
1286 4309 1383 4382 iunius
1399 4305 1581 4366 turbinatam
1597 4323 1662 4364 rum
1677 4311 1761 4384 parte
1774 4299 1881 4361 ramerii
1894 4299 1933 4360 ed
1947 4303 2032 4374 enine
2046 4301 2113 4384 api·
2193 4367 2194 4410 p

721 4413 784 4453 earn
802 4387 955 4450 terminale
974 4409 1007 4448 ae
1022 4387 1111 4449 seiiile
1127 4392 1184 4457 eii,
1204 4389 1240 4446 ad
1257 4385 1500 4470 perpendicnlum
1516 4385 1675 4452 retenone
1696 4383 1900 4462 magnitudine
1914 4383 2013 4448 aneta.

693 4517 719 4558 e.
744 4497 864 4556 lamine
885 4491 1031 4574 pruligern
1052 4491 1201 4552 discoideti
1220 4489 1450 4550 eoneaaiuscnla.

691 4599 758 4664 lnb.
780 4603 885 4677 Margo
899 4599 1050 4683 apotheeii
1066 4593 1210 4658 thaliadee
1222 4593 1360 4657 laminam
1373 4597 1424 4658 aix
1439 4594 1588 4677 superant.
