4362 5524
543 373 546 396 '
683 397 889 487 aparuerit.
917 375 1115 458 coenaria
1557 445 1562 454 .
1633 395 1705 487 ⁴7¹

126 575 210 660 oui.
243 578 387 656 'l'lrallm
409 601 486 654 raro
513 575 706 664 orbicularis
731 577 927 678 pter-umque
951 576 1176 680 irregulariter
1203 571 1407 682 expensura
1433 579 1636 682 anarginibna
1660 579 1709 670 la·

190 683 378 757 einularum
412 681 658 754 imbricatarum
694 677 826 752 elevatio
854 699 887 750 et
919 673 1231 756 sublacerir'l'caber
1262 681 1294 752 et
1322 681 1562 785 inaequabilir,
1598 677 1707 757 subrue

189 803 260 858 ater
286 807 409 883 opacur
436 785 526 880 rugia
556 779 688 854 eleuarit
715 779 829 853 linurin
857 798 890 852 et
918 779 1046 854 fibrillia
1083 777 1198 882 sparlir
1229 800 1370 858 notatur.
1431 787 1584 858 Laciniae
1610 778 1707 882 supra
1767 779 1769 784 ’

185 883 366 984 laevigatae
393 903 427 956 at
452 881 524 956 n'ou
552 887 596 955 ita
621 877 745 956 nitidae
771 899 808 954 ut
837 885 872 954 iu
898 883 1015 957 Parta.
1030 883 1165 984 stygin,
1201 883 1247 956 ob
1269 887 1437 984 'marginea
1457 909 1571 957 earum
1596 882 1707 957 aleta·
1827 881 1833 892 “
1938 937 1942 948 .

188 1005 242 1060 toa
268 1007 301 1078 er
324 982 527 1066 subioflexoa
548 978 644 1081 sopra
663 981 882 1080 utplurimum
908 981 997 1084 quast
1020 983 1261 1060 canaliculatae.
1311 974 1577 1084 tporuectomm
1601 978 1707 1058 disum

189 1091 225 1160 in
247 1085 376 1162 aerullir
399 1085 544 1158 elevatur
573 1103 605 1160 et
626 1081 771 1157 tumidus
799 1081 909 1158 eradit
933 1081 1231 1184 atquellaxoosut.
1270 1123 1272 1130 v
1361 1129 1364 1140 ·
1411 1132 1431 1162 ,-
1681 1121 1683 1130 ¹

244 1215 370 1286 Forma
396 1209 590 1286 laciniaruru
614 1235 631 1282 a
654 1204 819 1309 speciebus
841 1211 1029 1282 confinibua
1053 1235 1137 1284 mox
1158 1203 1375 1308 dignoscitur.
1422 1213 1565 1284 Harum
1594 1205 1709 1282 indole

188 1333 288 1416 atque
316 1318 470 1412 margine
498 1310 674 1412 granulato
705 1335 723 1382 a
751 1314 863 1384 Portu.
878 1311 1032 1406 fiiastra,
1058 1317 1112 1384 cui
1135 1313 1213 1384 aliar
1238 1308 1426 1396 simillima,
1459 1317 1558 1384 etiarn
1583 1305 1708 1390 differt.

245 1439 584 1532 Varietaalrrpatizota
607 1439 711 1512 Meth.
737 1435 875 1509 Lieb.'l.
895 1463 923 1512 c.
948 1461 1020 1510 non
1042 1434 1128 1514 adeo
1151 1453 1186 1512 et
1215 1435 1402 1519 constanter
1425 1431 1552 1510 diuersa
1582 1453 1618 1508 ut
1642 1455 1707 1536 pro

18 1624 22 1633 ‚
165 1536 344 1638 ⁸‹lilliusla
368 1543 522 1614 uarietate
547 1541 668 1612 iterum
695 1531 816 1611 resumi
846 1534 954 1644 polilt.

78 1755 140 1826 26.
169 1691 427 1820 PililMELlA
451 1736 612 1836 stygia..
635 1763 675 1817 a.
819 1779 828 1798 ·

128 1873 166 1947 Ρ.
194 1867 300 1948 thalli>
325 1865 449 1940 liellato
471 1871 697 1964 nigro·picao
728 1859 854 1951 nitido,
894 1857 1004 1936 subrue
1033 1864 1206 1940 concolori
1229 1809 1425 1967 inaequabili
1450 1859 1620 1949 subando,
1661 1861 1709 1938 la·

159 1973 284 2064 ,ciniis
312 1965 544 2040 sublinearibua
567 1961 976 2064 multifido-subpalmatia
1004 1974 1163 2060 convenia
1188 1973 1342 2070 margine
1362 1972 1519 2074 apiceque
1544 1969 1711 2054 recurrit}

189 2071 371 2169 apotlreciie
395 2064 616 2158 sulco-atria,
641 2071 792 2168 margine
818 2086 964 2142 crenato.
1719 2120 1737 2170 3

124 2195 291 2273 Parmelia
315 2173 436 2294 llygial.¹
480 2191 727 2288 Astra-Mat.
751 2195 840 2266 Liclt.
866 2219 901 2286 p.
917 2215 981 2284 ²⁰5·

123 2323 253 2396 Lichan
279 2319 414 2420 slygiua.
465 2323 562 2398 Lina.
588 2323 621 2398 S.
643 2323 690 2394 N.
716 2351 758 2372 ¹·
784 2317 902 2414 Arbor.
924 2322 1116 2420 beltnogr.
1138 2324 1225 2400 Svee.
1248 2321 1374 2400 Prota.
1394 2347 1433 2419 p.
1448 2343 1509 2414 top.

125 2452 177 2526 lc.
210 2445 334 2542 Htaffm.
359 2447 472 2518 Ptant.
494 2442 588 2522 Lr'clt.
619 2446 756 2532 Tob.25.
778 2444 853 2540 [Α.
906 2445 967 2544 Ε]”.
993 2449 1112 2519 Euam.
1138 2443 1229 2522 Isti.
1266 2453 1401 2538 Tobata.
1418 2450 1502 2543 fla.

125 2573 265 2648 Habitat
291 2567 331 2641 ad
358 2563 430 2642 sara
451 2591 483 2642 et
511 2589 641 2644 montea
663 2574 812 2659 Steciae,
839 2571 1047 2643 Germaniae.
1441 2555 1445 2562 ¹

87 2732 92 2740 ·
126 2691 210 2772 Obs.
245 2693 388 2769 Tltallua
409 2683 595 2768 constanter
621 2693 815 2796 orbicularjr
844 2720 863 2766 e
888 2693 1014 2768 laciniis
1044 2693 1220 2768 imbricatis
1251 2693 1545 2800 plicato-rugosus
1571 2669 1707 2786 uitione,

191 2793 303 2870 subrue
323 2799 391 2869 ater
413 2793 577 2869 scabridur
597 2823 619 2870 e
644 2799 768 2869 vituria
793 2799 848 2868 tia
870 2821 949 2870 vero
970 2821 1129 2898 umquam
1151 2797 1279 2871 librillir
1303 2799 1499 2898 quibusdam
1523 2799 1706 2874 inllrullur.
1765 2865 1774 2876 .

193 2903 402 2974 iactaturum
426 2903 593 2994 margines
616 2917 650 2970 et
672 2902 778 2997 apices
805 2901 964 2968 recurvati
988 2917 1024 2969 ut
1045 2903 1079 2970 in
1109 2901 1221 2977 Patra.
1249 2923 1401 2985 recurvo,
1438 2897 1493 2974 sed
1518 2897 1606 3000 ipsae
1630 2903 1707 2981 laci·
1811 2893 1813 2898 l
1932 2927 1938 2938 ·

132 3027 140 3040 ·
171 3003 287 3087 uiae,
321 3023 421 3097 quatu
456 3006 490 3086 in
522 3003 584 3072 hac
613 3000 746 3071 latiores
774 3016 806 3070 at
829 2995 1014 3071 extrorsum
1051 2997 1202 3070 dilatatae
1231 3000 1393 3100 palmatae
1430 2991 1625 3102 speciatim
1655 3007 1707 3074 in·

193 3097 290 3175 cisae.
342 3103 602 3200 Apotheciorum
631 3097 737 3172 discor
764 3099 900 3196 pluunt,
933 3105 1083 3196 margine
1110 3095 1236 3198 semper
1257 3123 1403 3173 crenato.
1755 3095 1762 3104 '

81 3235 85 3242 ·
248 3201 428 3298 superficie
464 3199 565 3273 uirida
602 3222 635 3275 et
665 3201 791 3274 laciniis
829 3204 1009 3295 majoribus
1048 3203 1216 3273 latioribus
1253 3226 1348 3300 arque
1386 3207 1502 3274 irarum
1535 3201 1652 3276 colore
1689 3232 1708 3276 a

192 3307 311 3382 Pam.
345 3306 448 3400 aquila
482 3299 641 3380 dillioela.
670 3373 675 3384 ,
706 3303 877 3378 ll'Parm.
906 3305 1084 3406 frisacensi
1107 3301 1269 3376 nitiditate
1297 3303 1492 3378 laciniarum
1523 3325 1556 3378 et
1589 3303 1707 3382 starum

191 3403 399 3502 marginibua
426 3407 570 3477 recurvia
591 3425 752 3504 perquam
774 3401 905 3478 recedit.
1635 3403 1638 3410 ’

93 3525 140 3622 β.
171 3533 210 3604 t.
227 3530 415 3628 sorrdiata:
447 3524 573 3602 laciniia
603 3522 987 3630 tortuoso-complicatis
1010 3523 1305 3604 lacero-laciniatir
1332 3530 1587 3632 irregularibus,
1619 3527 1707 3608 sora·
1820 3541 1825 3598 Ξ

149 3631 220 3706 diie
250 3630 332 3706 albia
363 3625 529 3729 adspersis.
1412 3655 1416 3662 ·

120 3759 270 3836 Habitat
298 3749 394 3855 supra
419 3750 492 3829 saxa
519 3759 686 3832 sveciae„

120 3880 211 3962 Obs.
247 3885 400 3968 Laciniae
421 3885 531 3955 minua
559 3879 682 3955 nitidae
703 3885 746 3956 ita
776 3877 999 3980 complicatae
1017 3898 1048 3952 et
1075 3879 1267 3980 irregularer
1287 3823 1329 3956 'nl
1354 3886 1407 3955 aix
1429 3879 1491 3958 ntfi
1520 3889 1553 3957 in
1583 3883 1708 3968 ambitu

189 3976 633 4183 Υξὶεἰξὶῐιειιιὲἶᾶξεᾖεινπιιόοο,
663 3977 720 4066 sed
751 3979 871 4057 thallus
896 3977 992 4120 supra
1026 3989 1166 4066 uerrucis
1192 3979 1248 4074 seu
1276 3978 1415 4060 locedii·
1442 3986 1523 4060 albia
1552 3980 1707 4084 frequen·

64 4317 133 4390 27.
163 4285 430 4370 Pounnata
454 4281 652 4370 taratra:

119 4428 161 4501 P,
192 4415 297 4492 thallo
313 4411 445 4488 --slellato
470 4410 669 4488 lusco-atro
695 4401 835 4514 opaco,
855 4405 966 4490 subtus
986 4416 1144 4488 aterrirno
1166 4407 1348 4506 libellulo,
1369 4375 1509 4493 'laciniis
1533 4419 1707 4496 imbricarit

191 4519 371 4593 linearibus
394 4512 566 4590 multifidis
589 4516 693 4614 plania
718 4515 938 4609 radiantibura
971 4521 1152 4617 apotberiia
1177 4513 1438 4596 contraiusc'itlia
1465 4523 1708 4610 conculcabat,
1813 4573 1818 4580 -

193 4623 348 4728 margine
370 4621 603 4719 integerrimo.¹
1143 4665 1146 4672 ·

1548 4719 1706 4800 Pa'rmelia
