4330 5532
487 535 560 620 382
689 561 691 572 =
814 513 821 526 '
1079 535 1295 592 arctatura,
1327 501 1510 595 ittnottna.

538 729 567 802 A
593 707 697 821 priori
728 713 796 807 (a)
821 734 891 786 nott
920 675 1031 784 differt
1063 703 1136 794 artsr'
1159 711 1261 784 cruiia
1292 667 1397 814 inagis
1419 721 1576 812 contigue
1598 735 1629 788 et
1649 709 1872 790 cinerasceute.
1918 719 2058 816 lpotletit

596 821 765 896 simillima
795 811 850 888 sed
882 808 987 884 discut
1019 840 1076 908 per
1106 835 1244 886 aetatem
1277 811 1443 888 saturatiut
1478 817 1653 891 coloratur.
1722 823 1759 888 ln
1792 817 1888 890 emila
1915 816 2060 916 stoqueutet

486 1013 488 1018 Ι
596 938 776 999 occurrunt
802 917 923 1016 pundla
943 915 1070 988 elevata
1093 910 1335 1010 sulco-nigra,
1362 943 1445 1016 quae
1467 915 1555 992 sone
1575 925 1668 990 initia
1695 924 1935 1016 apotlreciorurn
1954 918 2021 992 suut.

509 1101 549 1172 γ.
572 1078 610 1153 L.
634 1073 804 1171 hostiulm:
837 1063 941 1139 crulla
972 1035 1062 1136 tenui
1088 1063 1285 1166 inaequabili
1314 1061 1553 1158 cincralcente3
1588 1069 1770 1166 apotltceiir
1797 1065 1936 1164 adpressit
1961 1073 2060 1140 minutii
2122 1121 2123 1132 ,

544 1172 880 1252 ‚submernbranaceis
905 1162 1053 1266 pallidis,
1079 1157 1170 1238 disco
1198 1169 1232 1238 in
1254 1167 1414 1264 'papillam
1433 1167 1580 1253 elevato,
1615 1166 1753 1242 detnunt
1779 1165 2009 1272 hemisphaerior
2027 1169 2061 1240 di·
2122 1159 2123 1188 l

562 1279 629 1354 lute
654 1266 907 1355 rusescentibua,
933 1271 1085 1362 margine
1108 1263 1252 1338 titallodc
1278 1269 1407 1366 integro
1437 1263 1634 1370 persistente.
1893 1281 1899 1292 ·

537 1399 679 1480 Lecidea
700 1393 877 1470 ltosibelet.
933 1395 1051 1468 Actor.
1079 1393 1182 1466 Meti.
1200 1394 1289 1467 Litlt.
1319 1418 1353 1490 p.
1362 1413 1417 1482 57.

451 1595 457 1614 .
534 1533 670 1606 Habitat
701 1521 742 1596 ad
774 1525 934 1594 corticem
960 1517 1155 1616 laevigatam
1178 1517 1294 1616 Populi
1325 1521 1468 1592 Sveciae.
1521 1523 1665 1595 Sutria.

538 1661 649 1734 l’otiua
673 1672 708 1724 ut
741 1653 877 1719 varietas
902 1650 1139 1720 Lecanorae
1163 1639 1400 1725 anomalae
1424 1669 1524 1740 quarn
1551 1649 1684 1744 propria
1714 1647 1845 1738 Species
1872 1641 2063 1718 conlidennda

597 1753 654 1829 cli.
715 1751 897 1847 Apothecia
928 1751 1072 1832 minuta,
1110 1749 1240 1839 juniora
1260 1767 1381 1816 cornea
1409 1739 1500 1816 disco
1530 1765 1562 1818 et
1591 1749 1743 1842 margine
1769 1740 1839 1817 sere
1863 1747 2065 1832 concoloribur,
2124 1791 2125 1838 t

599 1851 655 1929 sed
685 1851 741 1924 ille
767 1847 904 1920 demum
930 1841 1102 1918 obscurior
1128 1839 1308 1918 lascescens
1338 1849 1449 1940 primo
1478 1849 1514 1918 in
1545 1845 1684 1944 papillae
1706 1841 1855 1918 formam
1883 1849 2008 1920 elevatur
2025 1845 2065 1918 de·

491 1974 494 1979 ·
600 1971 890 2124 mumdconrexut
924 1945 1052 2032 eradit,
1085 1965 1118 2020 at
1145 1951 1199 2020 tir
1217 1947 1415 2044 'marginem
1439 1939 1571 2046 semper
1596 1943 1733 2020 dilutiua
1759 1947 1940 2022 coloratum
1958 1951 2065 2020 omnino

592 2055 755 2130 exciuit.

411 2249 414 2258 ¹
512 2199 606 2287 Η.
633 2217 798 2298 cooperta.-
829 2197 933 2272 crulla
968 2192 1265 2270 rimoso-areolam
1294 2190 1433 2268 obscure
1458 2197 1607 2286 cinerea,
1639 2195 1821 2295 apotbeciia
1851 2192 1942 2272 suseit
1965 2199 2067 2268 minuit
2125 2189 2126 2200 ’

560 2303 806 2384 consortiffinais
831 2295 1076 2374 lentisotmibut
1105 2296 1344 2376 subobliterata.

537 2436 672 2510 Habitat
698 2421 841 2516 infsaxia
869 2423 1052 2496 Helvetiae.
1104 2423 1279 2494 Scitleirbtr.

491 2629 494 2638 ,
537 2555 653 2636 Crulla
677 2555 815 2624 tenuiter
837 2539 1137 2618 rimoso-areolam
1161 2538 1295 2618 obscure
1313 2545 1440 2618 cinerea
1461 2549 1517 2619 aix
1539 2571 1700 2644 apparent
1721 2549 1766 2620 ob
1792 2543 1996 2646 frequentiam
2012 2553 2068 2646 apo}

598 2659 785 2730 tlaeciorurn
810 2647 1075 2732 munitorum
1102 2671 1184 2746 quae
1206 2641 1353 2717 fortnatn
1375 2644 1560 2718 conllantcr
1578 2645 1723 2733 servant,
1747 2645 1840 2722 disco
1857 2649 1967 2722 scilieet
1985 2649 2068 2748 plato·

598 2752 788 2831 cortucxulo
812 2743 978 2820 obscurius
1003 2742 1114 2834 sulco,
1141 2747 1250 2818 clodio
1267 2752 1416 2842 margine
1434 2745 1572 2820 turnido'
1586 2745 1733 2822 dilutiori
1752 2753 1979 2850 integerrimo,
1997 2773 2069 2848 quen

600 2867 655 2930 vix
679 2852 816 2948 superat.
870 2852 933 2920 l'ro
964 2845 1112 2920 diiltncia
1138 2842 1257 2946 species
1286 2873 1357 2922 nou
1380 2845 1425 2922 cll
1452 2847 1619 2940 habenda,
1655 2877 1735 2926 natu
1763 2855 1864 2926 etiam
1890 2857 1923 2925 in
1947 2853 2006 2924 aliia
2032 2873 2069 2918 ta·

509 2953 514 2962 ’
600 2961 763 3033 rietatibut
790 2943 896 3022 discua
919 2945 1192 3022 convexiusculus
1215 2945 1335 3024 evadit.
1407 3028 1409 3032 .

512 3137 542 3188 a.
568 3113 605 3186 L.
628 3101 836 3200 tenebricosi:
871 3097 974 3170 crulla
1002 3102 1094 3170 tenui
1121 3093 1338 3193 cinetascente
1366 3093 1501 3172 demum
1532 3093 1695 3172 timulosa
1715 3099 1911 3202 inaequabili
1933 3089 2070 3198 rugulusu·

563 3209 752 3312 granulata;
790 3203 967 3302 apothectia
1010 3194 1122 3296 sparsit
1159 3197 1293 3272 tandem
1328 3205 1484 3274 conuertit
1513 3196 1779 3302 laetuisphaericia
1811 3197 1909 3278 suscia
1940 3205 2071 3302 nigrisque

563 3315 751 3408 marginem
775 3300 956 3376 thallodetn
984 3295 1303 3374 subexcludentibus.

491 3515 494 3522 ,
538 3439 672 3515 Habitat
696 3429 737 3504 atl
751 3433 917 3540 'corticem
938 3429 1094 3500 arborum
1118 3424 1247 3500 silesiae
1268 3447 1300 3500 et
1323 3417 1495 3516 lusatiam,
1513 3431 1641 3532 Moſsgt
1665 3381 1860 3516 Helletiae,
1884 3426 2039 3506 Scittio.

538 3563 719 3663 dpotlrecia
753 3560 788 3626 in
829 3557 889 3625 hac
927 3557 1078 3624 varietate
1110 3547 1242 3626 sortitae
1271 3571 1303 3624 ct
1337 3551 1460 3624 coloria
1490 3557 1667 3627 anutationi
1707 3551 1803 3624 valde
1841 3547 1917 3626 sunt
1951 3553 2073 3628 obnoxia.

600 3663 713 3734 Etiam·
739 3653 842 3726 crulla
871 3678 930 3747 per
961 3673 1100 3724 aetatem
1130 3660 1250 3736 variat,
1283 3677 1362 3724 nam
1381 3657 1500 3824 ¹primo
1523 3658 1626 3726 tenuia
1656 3648 1961 3728 subruembranacea
1987 3675 2073 3750 parm

598 3757 831 3856 inaequabilit,
863 3753 940 3825 dein
964 3753 1262 3826 rimoso-areolam
1291 3777 1412 3850 rugoa
1444 3774 1476 3825 ct
1501 3747 1750 3854 subgranulata‚
1782 3779 1854 3827 non
1878 3773 1980 3828 tamen
1999 3759 2032 3824 ita
2050 3769 2075 3820 ut

599 3867 637 3935 in
659 3863 880 3931 Lecanora
908 3855 1149 3952 granulola.
1206 3857 1384 3952 Apothecia
1404 3859 1534 3948 juniora
1549 3849 1638 3926 diseo
1657 3855 1761 3952 plano
1776 3855 1828 3928 tel
1853 3849 2074 3928 convexiusrulu

549 4017 555 4030 .
599 3962 703 4036 dilute
727 3953 1024 4048 serrugiueovelc
1047 3955 1153 4028 livido
1177 3950 1374 4028 luscescente
1391 3959 1606 4054 margineque
1622 3953 1768 4028 thallode
1787 3957 1918 4030 eierato
1940 3955 2076 4034 insimulat

600 4071 636 4138 in
661 4059 777 4157 adultis
807 4053 912 4129 discut
936 4051 1106 4130 obscurior
1125 4059 1234 4128 evadit
1256 4079 1287 4127 et
1308 4053 1469 4141 elevatur,
1495 4059 1645 4152 margine
1669 4077 1783 4130 tamen
1807 4055 1953 4131 tballode
1975 4063 2076 4152 integro

599 4159 810 4264 perlibenter
854 4165 889 4228 iu
926 4155 1056 4230 aetullia
1096 4153 1201 4238 discut
1244 4151 1519 4256 henuisphaericus
1553 4151 1691 4230 obscuro
1722 4153 1831 4232 suscut
1863 4143 1960 4234 etiam
1990 4163 2076 4251 uiget·

489 4282 493 4293 ·
600 4255 932 4436 ngasrgingsstltallude
969 4256 1020 4330 vel
1043 4253 1256 4333 evanescente
1286 4257 1340 4331 ael
1369 4255 1412 4331 ad
1443 4255 1531 4332 basin
1561 4257 1795 4334 tantummodo
1822 4259 1939 4336 colore
1960 4255 2076 4331 dilutiori

595 4391 621 4440 o
658 4387 729 4434 erva
781 4385 802 4438 t.

510 4511 541 4618 ξ.
565 4521 606 4592 L.
629 4514 778 4614 tyrttiia:
803 4508 907 4582 crulla
929 4513 1018 4583 tenui
1042 4504 1349 4585 submerubranacea
1372 4510 1533 4610 laevigata
1561 4507 1668 4584 albida
1695 4509 1940 4608 glaucescente3
1970 4507 2079 4608 apode-

426 4667 438 4686 .
561 4624 619 4693 ciis
641 4607 906 4694 lentisorntibua,
943 4607 1033 4684 disco
1065 4609 1187 4709 pallide
1217 4605 1310 4684 lusco
1341 4607 1479 4684 dentum
1510 4607 1770 4710 licrnispbaerico
1800 4609 2078 4714 lusco-nigricante

560 4721 751 4818 marginem
774 4709 954 4788 thallodetn
976 4711 1173 4814 plerumque
1191 4715 1411 4790 concoloretn
1433 4709 1698 4790 subexcludente.

1971 4829 2083 4912 lezidea
