4466 5536
385 447 426 500 qv
1019 437 1394 492 teoueoomtsns

290 641 303 658 ⁸
392 603 552 724 quantum
586 646 708 720 nempe
738 645 858 694 eorum
887 618 1087 693 charadieres
1119 635 1151 690 et
1179 609 1386 692 disserentise
1424 643 1465 694 es
1507 621 1698 718 Apotheosis
1732 617 1902 720 depromti
1940 615 2026 696 sunt.

392 757 526 852 figuras
551 745 799 852 propemodum
825 770 962 828 omnes,
997 749 1043 818 uti
1067 739 1126 816 suis
1151 741 1293 818 lentibus
1319 748 1428 820 citreis
1458 743 1653 846 compositis
1679 763 1712 819 et
1734 771 1941 846 magnopere
1972 773 2030 818 su·

392 879 563 976 gentibus,
590 874 753 973 inspedlae
778 867 845 944 sese
874 869 1024 944 obtulere
1056 891 1162 968 pestes
1197 867 1363 968 lingulae,
1398 866 1537 946 sollicite
1564 869 1740 948 delineasti.
1800 878 1835 946 st
1863 877 2028 972 megnitu·

393 1003 472 1078 dine
497 1004 636 1076 naturali
662 999 713 1074 sel
739 997 779 1073 ad
803 999 925 1074 lentem
947 993 1130 1094 simplicem
1151 989 1316 1097 expressae
1345 990 1483 1086 suerint,
1521 1001 1556 1071 in
1585 999 1811 1098 explicatione
1842 997 2029 1098 figuretum

358 1192 360 1204 .
395 1129 428 1202 id
458 1126 628 1204 adnotari.
690 1121 738 1200 Ui
769 1129 907 1199 interior
941 1127 1085 1220 persium
1121 1145 1302 1222 compages
1333 1143 1366 1195 et
1395 1122 1552 1198 slrustura
1589 1129 1622 1196 in
1651 1118 1844 1227 sdspesium
1880 1127 2026 1210 veniret,
2142 1223 2149 1230 .

272 1335 277 1344 ,
396 1250 576 1328 sessionem
601 1249 934 1352 perpendicularem,
966 1243 1146 1346 aliquando
1179 1255 1280 1320 etiam
1309 1251 1557 1324 horizontalem
1587 1276 1703 1328 earuoa
1734 1247 1824 1338 feci,
1854 1251 2030 1326 laminens-

396 1407 460 1484 que
492 1406 531 1454 ex
560 1380 713 1452 alterutra
746 1397 835 1476 parte
871 1369 1014 1473 separata
1051 1366 1207 1470 scalpello
1240 1369 1406 1464 resecavi,
1437 1397 1470 1450 et
1500 1380 1604 1452 hocce
1633 1377 1741 1452 modo
1771 1374 1839 1452 viss
1867 1375 2031 1452 delineata

396 1503 482 1582 sunt.
535 1501 725 1604 Aliquando
752 1521 863 1574 tamen
888 1501 1017 1598 Species
1045 1491 1104 1572 sub
1135 1523 1203 1572 uno
1232 1497 1421 1602 eodemque
1453 1505 1583 1578 Genese
1608 1505 1808 1593 militantes,
1838 1508 2030 1606 apothecis·

396 1657 471 1706 tum
498 1625 609 1728 lurttaa
632 1650 664 1702 et
689 1627 845 1701 llrussurs
867 1627 994 1698 interos
1016 1618 1143 1697 diuersa
1168 1629 1325 1726 tantisper
1354 1632 1491 1704 uariant.
1543 1633 1613 1704 Hes
1640 1635 1674 1704 in
1703 1635 1817 1731 primis
1848 1655 1912 1730 pro
1945 1629 2031 1732 figu-

396 1764 441 1838 tis
474 1761 557 1833 meis
580 1751 748 1854 eligendas
777 1755 907 1838 curavi,
939 1769 975 1824 ut
1004 1749 1081 1822 isiae
1110 1776 1228 1824 earum
1250 1755 1476 1828 sberrstiooea
1500 1779 1539 1828 ae
1567 1753 1699 1832 sormoe
1721 1753 1962 1858 discreparet,
1984 1749 2030 1828 se·

396 1883 547 1968 cundum
578 1882 772 1958 ssruduram
796 1903 827 1952 es
851 1865 1001 1952 indolem
1027 1883 1306 1979 spotiseciorum,
1330 1901 1543 1980 patescerent.
1655 1861 1658 1868 ¹

508 2088 560 2166 Ne
582 2107 696 2157 errore
724 2084 858 2180 optim,
892 2084 948 2180 qui
975 2083 1139 2152 nitrosum
1169 2079 1436 2182 compositorum
1464 2079 1523 2160 usu
1548 2082 1706 2162 facillime
1727 2092 1970 2180 committitur,
1998 2090 2033 2160 in

397 2216 481 2292 meis
505 2207 793 2314 perquisitionibus
820 2201 1009 2294 seduceret,
1035 2201 1314 2318 quodque'aliim
1351 2215 1455 2310 iisque
1487 2207 1812 2290 corsumrmriffimis
1844 2212 2031 2292 observato

398 2339 507 2426 ribus,
532 2333 701 2438 quidpro
721 2359 791 2436 quo
819 2327 1040 2422 sumentibus,
1069 2331 1251 2434 aliquando
1283 2331 1458 2452 contigisse
1486 2343 1663 2428 norimus,
1697 2345 1817 2416 iterum
1847 2347 2034 2440 iterumque

399 2459 643 2540 observationes
670 2483 700 2535 et
724 2467 949 2562 experimenta
976 2453 1130 2545 resumis.
1165 2483 1262 2562 atque
1288 2456 1346 2538 sub
1372 2461 1505 2542 diuersis
1528 2469 1639 2540 aetatis
1669 2465 1814 2566 periodis
1840 2471 2032 2564 spotsaecso·

377 2612 476 2667 ‘runt
501 2585 659 2666 lubricam
685 2593 830 2662 exstitisti
857 2583 994 2680 subjeci,
1023 2613 1101 2660 ttetn
1132 2581 1311 2666 secundnm
1339 2593 1395 2667 bes
1415 2620 1453 2668 ea
1480 2591 1646 2672 interdum
1672 2593 1879 2690 nliqtsanturn
1909 2597 2035 2668 veriore

383 2717 566 2804 'intellcsi,
598 2741 659 2790 uec
689 2742 757 2788 oon
792 2719 828 2818 in
858 2707 1023 2814 speciebus
1049 2737 1067 2786 c
1099 2719 1246 2816 napsinse
1272 2715 1386 2796 diffisis
1409 2745 1447 2794 ac
1477 2715 1612 2792 diuersis
1646 2721 1735 2794 orbis
1762 2743 1925 2797 terrerum
1951 2717 2033 2794 locis

402 2847 589 2946 protessis,
614 2847 849 2943 qualicumque
877 2838 984 2914 modo
1009 2835 1135 2914 dtverss
1162 2847 1317 2918 inveniri.
1377 2848 1455 2920 Huc
1485 2871 1603 2916 comm
1631 2850 1734 2944 gratia
1762 2871 2033 2920 commemorare

392 2969 665 3072 „debehqcibus
687 2965 802 3046 sorssn
826 2970 948 3072 volupe
971 2970 1033 3040 eris
1054 2962 1296 3044 obserasuooes
1324 2995 1414 3046 meas
1440 2991 1586 3072 repetere
1613 2999 1653 3043 ac
1677 2968 1766 3044 sorte
1788 2972 1955 3070 colligere.

513 3177 552 3248 ln
575 3167 871 3248 observationibus
898 3195 929 3248 es
952 3179 1096 3255 ieonum
1117 3173 1409 3273 explicetionibus,
1435 3175 1614 3272 unicuique
1634 3174 1755 3246 Genesi
1781 3167 1935 3268 adjesiis,
1963 3163 2026 3244 suc¹

400 3299 543 3376 eindlsm
564 3295 606 3372 de
628 3301 757 3374 Genese
789 3295 861 3400 ipso
890 3307 1067 3392 notitiam,
1091 3325 1125 3376 et
1146 3305 1187 3374 ab
1212 3299 1282 3374 aliis
1305 3295 1471 3398 affinibus
1480 3302 1662 3398 genuinam
1687 3320 1720 3371 et
1738 3297 2033 3374 ctusstterittiussn

310 3405 315 3418 ¹
403 3421 627 3504 differentiam
656 3451 712 3499 me
740 3421 1014 3518 dediscendo,
1046 3448 1211 3504 necnon
1243 3417 1448 3500 itt-scientis
1476 3419 1706 3502 versationum
1740 3425 1886 3502 debitam
1911 3445 2032 3524 operes

402 3571 436 3628 et
457 3547 709 3626 resorrr'sstionis
732 3577 826 3628 anese
851 3558 1027 3634 rationem.

513 3757 667 3852 Objieere
690 3749 778 3828 sorte
808 3779 879 3830 nors
907 3759 1066 3830 emittent
1097 3755 1201 3828 critici
1237 3751 1411 3828 moleslsrn
1446 3757 1534 3830 lssnc
1565 3773 1596 3830 et
1630 3746 1811 3828 taediosam
1845 3743 1931 3842 esse,
1971 3775 2035 3826 nec

402 3887 583 3984 unicuique
603 3879 740 3966 datum,
765 3883 862 3956 telem
886 3879 972 3956 inse
996 3877 1158 3976 suscipere
1182 3885 1306 3954 borum
1334 3906 1544 3975 organorum
1570 3877 1863 3981 perquisitionem,
1897 3899 1929 3952 et
1956 3903 2034 3976 pau·

404 4015 449 4086 eis
474 4031 602 4083 tantum
623 4013 825 4097 convenire,
856 4027 923 4082 tsm
952 4001 1122 4082 laborioso
1159 4029 1191 4080 et
1219 4003 1346 4080 difficili
1376 4014 1518 4108 pestium
1552 4001 1843 4082 minutissimarum
1871 4009 2036 4092 exanime,

405 4133 445 4210 stl
475 4137 644 4209 Generum
669 4155 701 4207 et
723 4137 915 4232 specierum
937 4137 1172 4234 cognitionem
1198 4135 1391 4228 pervenires
1430 4129 1484 4206 sed
1510 4155 1545 4206 ut
1573 4129 1783 4206 confiderent
1816 4127 1917 4202 velim
1946 4133 2035 4204 hune

404 4261 573 4351 laborem,
600 4255 759 4359 praesenti
787 4255 1007 4334 fundamento
1034 4255 1133 4334 semel
1158 4261 1262 4352 iasio,
1290 4285 1366 4333 raro
1390 4279 1422 4332 et
1444 4264 1497 4334 viss
1527 4283 1687 4360 umquam
1716 4249 1931 4329 necessarium
1958 4249 2033 4332 else.

404 4395 457 4466 Ex
480 4415 543 4460 una
574 4393 690 4490 quasis
721 4381 847 4486 specie,
884 4391 918 4458 in
952 4389 1064 4486 primis
1093 4384 1114 4458 li
1147 4389 1221 4456 uisa
1256 4383 1518 4458 manudoclione
1547 4391 1682 4482 cognita
1712 4379 1830 4467 suerit,
1865 4408 1946 4456 most
1967 4377 2036 4456 sese

404 4513 610 4618 dignoscitur
634 4517 766 4594 Genus,
792 4533 890 4612 atque
910 4538 948 4584 ert
972 4513 1082 4584 lusbitu
1107 4531 1245 4584 esterno
1271 4511 1414 4612 reliquae
1435 4511 1475 4586 ad
1502 4511 1591 4588 idem
1616 4515 1726 4586 Genus
1753 4503 1944 4584 reserendse
1966 4503 2034 4610 spe·

403 4648 468 4722 cies
493 4639 590 4718 saeile
608 4643 708 4714 etiam
736 4639 841 4712 oculis
863 4636 961 4712 nudis
988 4637 1060 4734 (vel
1090 4635 1232 4740 fimplici
1254 4661 1288 4714 et
1308 4641 1396 4718 bons
1418 4639 1507 4718 lente
1532 4643 1634 4718 vitrea
1656 4643 1789 4716 muneris
1811 4643 1848 4715 iss
1870 4632 2036 4740 speciebus

1923 4787 2034 4836 mtno·
