4338 5534
1171 383 1414 467 ornoeuona'ss‘

595 598 744 666 maxime
761 571 894 665 uariant.
942 594 1078 680 juniora
1099 581 1297 660 subrutunda
1320 589 1470 683 margine
1493 595 1524 656 'et
1542 577 1634 656 disco
1656 581 1876 680 pundiiformi
1897 581 2034 688 simplici
2050 591 2094 662 nr:

596 693 733 778 ilruela,
761 693 812 765 vel
830 699 927 764 etiarn
945 689 1111 788 oblonga,
1144 684 1235 760 dilco
1260 685 1439 759 rimiformi
1464 704 1497 757 et
1519 685 1726 782 marginibus
1746 686 1928 783 parallelis,
1952 711 2007 759 aut
2031 687 2094 760 firn-

595 794 756 892 plicibur‚
785 813 818 864 ut
832 798 864 863 in
883 794 1107 888 Opegraplris‚
1133 808 1188 880 aut
1206 787 1408 884 duplicibus,
1435 786 1487 858 rel
1506 785 1716 883 triangulatio
1733 807 1765 856 et
1790 786 1987 882 polygoua,
2012 790 2091 885 plicia

596 913 707 966 tanuen
728 891 945 990 utplurimum
963 887 1121 988 parallelis
1145 884 1343 982 liruplicibue
1361 907 1392 957 et
1406 889 1588 970 circinatio,
1615 890 1670 954 uix
1690 909 1850 984 umquam
1865 885 2011 982 gyrosm
2042 915 2093 959 nee

594 979 919 1089 adeolrequentibur
935 1010 970 1061 ut
986 995 1019 1060 in
1038 987 1463 1084 plurimiseongrneribut,
1488 985 1708 1083 utplurimum
1726 980 1823 1082 supra
1841 987 1938 1083 plana
1955 1007 1988 1059 et
2004 989 2092 1061 thalla

353 1183 411 1228 d
595 1091 760 1188 adpressa,
786 1116 862 1166 raro
885 1109 985 1162 aetate
1005 1081 1268 1160 connexiuscula.
1530 1123 1533 1132 ·

535 1242 716 1338 Superiicie
733 1236 887 1338 populosa
910 1265 929 1309 a
954 1241 983 1310 G
991 1235 1211 1333 yrophora
1233 1231 1394 1320 deusta,
1419 1227 1560 1305 absentia
1584 1202 1781 1306 librillarutn
1803 1260 1822 1306 a
1845 1235 2089 1334 Gyropburt

592 1336 714 1412 erosa
733 1361 764 1413 et
782 1342 896 1414 colore
910 1343 1050 1438 pagi-nae
1065 1329 1218 1409 aduersae
1234 1331 1324 1407 thalli
1344 1336 1384 1405 ab
1404 1353 1540 1433 utraque
1554 1339 1683 1434 optime
1698 1331 1848 1422 distincta
1862 1329 1996 1434 species.

482 1499 519 1646 a}
547 1560 849 1638 GYROPHORA
875 1505 1115 1658 pustulata:

532 1687 573 1760 G.
594 1685 696 1760 tlrallo
724 1685 883 1783 papuloio
909 1678 1267 1767 cinereo-virescente,
1289 1675 1398 1752 subrue
1421 1676 1590 1775 profunde
1609 1676 1770 1753 lacunoso
1786 1676 1871 1752 laeui
1894 1677 1990 1754 nodo
2012 1689 2088 1756 aero&

592 1783 940 1882 giaco-fuscelcentc3
967 1789 1144 1883 apotheciis
1167 1783 1271 1881 plauit
1293 1782 1489 1872 marginalia
1510 1775 1600 1854 disco
1616 1776 1838 1881 subaequabili
1860 1777 2087 1882 papilloloque.

530 1907 669 1980 Lecidea
686 1909 854 2007 pullulata.
881 1909 1000 1986 Arbor.
1019 1912 1121 1982 Melle.
1138 1909 1225 1984 Licin.
1245 1919 1339 2012 p585.

532 2034 658 2104 Liclren
676 2033 861 2130 pullulatus¹
881 2037 971 2108 Lino.
992 2035 1046 2126 Sp.
1062 2033 1121 2108 Pl.
1148 2068 1195 2086 -·
1224 2031 1344 2104 Arbor.
1362 2031 1553 2127 Lirbenogr.
1567 2030 1655 2106 Soet.
1668 2030 1793 2104 Prorir.
1815 2037 1931 2126 μηδ’.

531 2152 657 2234 Erice.
686 2163 786 2232 Elii.
805 2162 857 2234 Pl.
875 2161 990 2255 Crypt.
1009 2159 1089 2230 Dec.
1106 2171 1137 2233 8.
1164 2177 1255 2246 enyo.

531 2283 576 2354 lc.
600 2285 653 2353 Su.
676 2287 750 2356 lint.
780 2281 861 2356 V.r.
889 2287 979 2356 ilina.
1005 2283 1099 2367 7165.
1126 2313 1166 2334 ··
1208 2278 1328 2371 Wrstr.
1348 2280 1399 2355 Su.
1425 2279 1527 2372 Μ.
1547 2282 1653 2375 mg.
1675 2276 1799 2368 ffillor.
1832 2281 1917 2356 Va.
1943 2281 1989 2356 Ν.
1992 2302 2022 2367 5.
2045 2313 2085 2335 -
2158 2321 2159 2344 r

546 2457 551 2470 ,
592 2381 715 2475 Hoffna
732 2385 842 2454 Plorat.
861 2385 949 2454 Lici.
982 2384 1082 2458 T.zr.
1097 2379 1167 2470 f.r.
1182 2403 1212 2458 2.
1241 2383 1338 2467 7129.
1352 2381 1432 2468 Μ.
1462 2413 1504 2432 -
1544 2381 1647 2474 Eragi.
1667 2382 1749 2454 nar.
1778 2380 1914 2468 2123.
1943 2415 1992 2437 -
2022 2381 2086 2454 Drl·

590 2481 650 2554 ico.
674 2481 876 2576 iddlllufi.
908 2483 1001 2568 1130.
1016 2481 1115 2572 firjr.
1144 2515 1192 2534 -
1219 2481 1316 2552 Mirlr.
1339 2481 1420 2551 Gerr.
1443 2495 1493 2567 89.
1522 2477 1616 2566 1547.

530 2605 663 2676 Habitat
681 2602 721 2674 ad
738 2600 807 2675 lura
825 2625 855 2676 ct
875 2625 1004 2675 ntontea
1021 2607 1189 2700 Europae,
1216 2605 1388 2676 Americae
1403 2605 1568 2696 Septentr.

529 2725 669 2802 Tltallua
686 2730 881 2825 plerumque
894 2728 1080 2824 oblongus,
1107 2745 1222 2798 centro
1242 2725 1363 2826 plicato
1380 2725 1519 2822 obliquo
1538 2721 1726 2824 ibidemque
1748 2721 1843 2822 supra
1862 2721 2085 2826 glabrinlcolut

582 2829 777 2925 aequabilis,
805 2825 860 2898 sad
877 2833 1089 2899 circumcirca
1106 2822 1231 2922 papulis
1249 2825 1345 2899 valde
1358 2824 1489 2898 elevatio
1515 2821 1627 2922 lparfie
1653 2845 1684 2896 et
1702 2829 1927 2913 creberrimis,
1963 2829 2086 2926 utpluri-

588 2930 863 3026 mumoblongis
882 2947 1033 3010 notatus,
1065 2921 1173 2997 subrue
1194 2923 1333 2997 totidem
1353 2924 1511 2999 lacunulia
1534 2921 1693 3024 imprcssia
1715 2952 1753 3000 ae
1778 2927 1915 3026 papulae
1936 2931 1973 3000 in
1995 2951 2086 3024 prona
2157 2957 2158 3036 p

588 3033 662 3120 ejua
685 3047 783 3122 parte.
840 3031 1018 3121 Apothecia
1039 3051 1197 3123 perquam
1217 3051 1286 3098 rara
1304 3019 1577 3120 lnbpodicellata‚
1603 3030 1877 3123 Gyropboraruna
1896 3031 2086 3128 reliquarum

482 3167 486 3176 ·
589 3129 765 3226 apotheciis
781 3131 814 3197 in
829 3151 870 3197 eo
884 3123 1054 3207 absimilia,
1081 3121 1172 3222 quod
1188 3120 1293 3197 discut
1309 3121 1380 3196 lere
1397 3119 1524 3220 semper
1538 3125 1715 3223 aequabilia
1733 3126 1770 3199 fit
1783 3149 1814 3198 et
1837 3151 1917 3198 raro
1934 3129 2086 3224 papillulit

589 3225 789 3324 quibusdam
802 3225 930 3298 elevatis
952 3224 1003 3296 ael
1029 3225 1198 3320 plicarum
1215 3223 1408 3296 rudimentis
1432 3244 1582 3312 notatur,
1615 3226 1733 3320 planet
1755 3229 1806 3299 vel
1822 3223 2086 3302 conveaiulculut

585 3324 713 3414 scaber,
739 3333 888 3425 margine
904 3324 1046 3424 regulari
1063 3323 1197 3396 tandem
1210 3329 1310 3396 etiam
1327 3319 1596 3398 suberanelcente
1616 3328 1774 3400 cinciae?

526 3455 565 3524 ln
587 3457 708 3548 pagina
734 3445 893 3548 superiori
917 3447 1098 3547 puluinulia
1122 3452 1199 3520 atria
1225 3442 1424 3522 fruticulolie
1451 3443 1655 3544 lubssipitatie
1677 3450 1814 3550 pulchre
1839 3449 1978 3524 ramosae
2002 3447 2084 3550 saepe

586 3551 826 3624 confluentibus
840 3569 871 3622 et
888 3551 1028 3621 maculas
1049 3544 1192 3644 insignat
1211 3567 1293 3621 atras
1309 3544 1530 3624 formantibus
1551 3539 1739 3648 frequenter
1756 3547 1999 3628 condecoratur
2014 3552 2085 3626 tbal·
2156 3605 2157 3652 p

585 3651 635 3724 lue
649 3653 700 3742 (a.
718 3651 805 3722 Tala
823 3647 932 3721 nollra
950 3669 984 3724 a·
1008 3644 1033 3723 f.
1051 3649 1139 3737 tm).

527 3775 643 3870 Gyro
654 3801 673 3870 p
684 3779 806 3847 horae
827 3768 969 3870 speciem
987 3765 1049 3860 elle
1070 3774 1181 3868 potine
1192 3794 1293 3868 quam
1308 3766 1513 3846 Lecideee
1527 3773 1686 3870 probatur
1699 3800 1719 3848 e
1731 3773 1821 3849 thalli
1837 3777 1949 3850 babitu
1965 3797 1998 3851 et
2015 3783 2084 3878 Spe·

585 3879 634 3950 cie
649 3879 793 3984 naxirnc
808 3869 921 3961 affini,
949 3895 990 3946 ea
1005 3877 1157 3950 Amerina
1172 3869 1447 3971 septentrionali,
1471 3873 1649 3972 apotheciie
1668 3875 1797 3994 plicatio
1810 3875 1984 3968 instruile.

479 4121 541 4176 ro.
565 4093 867 4178 GYROPHORA
891 4091 1120 4193 populosa.

525 4224 565 4294 G.
582 4225 684 4298 tballo
701 4221 841 4324 rugoso·
853 4219 1016 4320 populoso
1027 4216 1166 4296 obscure
1186 4221 1338 4306 cinereo.
1375 4213 1482 4296 iubent
1499 4217 1660 4298 lacunosa
1675 4222 1759 4298 laeti
1777 4221 1871 4299 eudo
1887 4219 2087 4322 pallidon-
2155 4261 2156 4304 r

582 4315 769 4444 iceleentea
805 4327 985 4424 apotheciie
1007 4327 1144 4397 minutia
1169 4317 1373 4396 ereberrimie
1400 4319 1572 4396 urceolam
1596 4321 1714 4425 paffim
1733 4329 1929 4402 coacervarit
1951 4329 2087 4426 congio.

586 4443 794 4524 metamque.

524 4547 657 4624 Habitat
669 4551 706 4624 in
723 4549 864 4649 rupibus
878 4552 1050 4626 bmetieae
1066 4543 1350 4647 septentrionalia·
1377 4551 1606 4651 Mallum.

2066 4685 2091 4754 d
