4466 5536
422 410 475 486 44
1117 401 1357 456 OPEGRAPHA·

428 582 517 686 quast
533 579 797 658 confunduntur.
850 586 1026 653 innumera
1045 583 1232 678 specimina
1251 599 1316 652 tam
1332 581 1462 651 Sveciae
1480 576 1634 679 indigena
1653 607 1753 680 quam
1771 585 1804 654 in
1822 583 1920 654 variis
1934 573 2057 654 mundi

423 689 616 786 regionibus
634 685 771 758 colseda
790 688 872 754 iuter
895 681 925 752 se
941 681 1088 766 contusi,
1112 700 1288 776 antequam
1309 678 1428 776 species
1444 707 1558 754 earum
1582 680 1801 754 determinare
1817 677 1912 754 ausus
1930 682 2004 756 sum
2022 703 2057 755 et

425 814 541 860 earum
557 791 728 860 varietates
745 787 932 881 praecipuas
955 779 1115 879 redigere.
1174 781 1290 854 Nihilo
1313 799 1424 853 temen
1446 786 1556 853 minua
1576 801 1607 854 et
1630 787 1713 854 mihi
1731 781 1881 854 denariis
1897 804 1964 856 tant
1987 780 2062 882 spe·

418 889 535 964 ,eiebus
551 912 650 984 quant
668 886 871 958 varietatibus
887 879 984 952 dubia
1007 883 1114 954 adhuc
1137 875 1228 964 sunt,
1261 904 1406 977 quorum
1432 888 1616 954 accuratior
1635 881 1867 956 determinatio
1888 889 1975 957 curie
1997 909 2060 984 po·

426 988 614 1060 sserioribua
637 983 874 1083 relinquenda,
901 1003 958 1064 nt,
985 979 1008 1052 st
1032 984 1102 1053 fieri
1120 979 1225 1080 potest
1245 983 1439 1054 nominibus
1465 1001 1498 1054 et
1523 983 1760 1056 characteribus
1782 989 2059 1060 convenientibus

428 1085 668 1162 adordinentur
691 1105 788 1184 atque
809 1081 1061 1180 distinguantur.

540 1283 764 1370 Parenchyrna
788 1275 1040 1376 apothecioruur
1069 1275 1259 1346 emollitum
1284 1269 1492 1347 substantiam
1520 1273 1794 1375 subgesetinosam
1820 1278 1950 1378 prodit,
1973 1287 2060 1358 intra

428 1407 529 1484 quam
544 1381 686 1480 gongyli
707 1378 786 1450 nudi
802 1375 988 1450 nidulantes
1005 1369 1059 1445 sed
1078 1379 1188 1446 minue
1206 1371 1348 1446 conserti
1367 1401 1466 1474 quam
1489 1381 1523 1448 in
1546 1377 1625 1450 ssatu
1651 1375 1756 1465 sicco,
1792 1379 1927 1480 quando
1948 1408 1991 1456 ex
2018 1389 2059 1456 iia

429 1489 516 1556 intur
529 1487 674 1554 omnino
693 1501 760 1552 atra
781 1475 934 1550 uidentur
949 1481 1131 1574 apothecin.
1184 1479 1344 1548 Striarurn
1362 1471 1593 1552 cessusosarum
1611 1477 1634 1557 Ι.
1649 1476 1869 1558 reticulatum
1885 1483 1977 1559 nulla
1999 1486 2062 1559 ob·

429 1579 600 1658 servantur
617 1587 652 1656 in
673 1584 711 1654 iia
729 1579 876 1680 vessigie.

542 1770 694 1848 Absentia
711 1779 869 1872 marginis
886 1769 1041 1846 thallodir
1058 1773 1278 1846 et-Perithecii
1300 1778 1436 1872 proprie
1456 1771 1500 1847 sie
1521 1771 1617 1862 dissi,
1645 1776 1744 1868 (narn
1766 1779 1906 1852 cuticula
1930 1777 2060 1854 duriori

430 1895 467 1951 ut
483 1880 518 1948 in
536 1873 732 1948 Lecideis
754 1897 785 1947 et
808 1877 1080 1974 Gyropstorir
1100 1879 1271 1972 apothecia
1290 1895 1358 1946 tota
1383 1873 1604 1964 inducuntur)
1625 1903 1770 1950 necnon
1790 1877 1848 1950 firu
1867 1877 2064 1978 superficiali
2207 1862 2208 1883 Χ

430 1980 683 2074 apotheeiorum
700 1999 796 2076 atque
812 1980 934 2050 horum
960 1978 1217 2074 perenchymute
1242 1971 1375 2046 sitnisati
1399 2003 1417 2046 a
1441 1975 1758 2072 Graphidibua‚
1784 2005 1861 2050 cum
1884 1987 1999 2078 quibua
2016 1984 2063 2054 ob

429 2074 686 2152 similitudinem
708 2074 876 2150 summam
901 2093 994 2147 antea
1017 2079 1218 2149 commixtae
1242 2069 1396 2163 suerunt,
1423 2070 1496 2148 satis
1523 2077 1684 2177 superque
1699 2076 1943 2180 distinguuntur
1960 2087 2063 2184 Ope·

381 2225 396 2241 -
431 2181 632 2278 graphae.
659 2213 697 2230 -
752 2179 1068 2250 AbArthoniir:
1103 2171 1280 2272 praeseutia
1301 2179 1459 2276 marginis
1479 2183 1605 2274 proprii
1627 2197 1658 2250 et
1677 2175 1767 2252 disco
1793 2183 1989 2283 pierumque
2003 2211 2063 2258 an·

430 2277 583 2374 gustato,
614 2295 650 2448 pt
670 2303 689 2350 a
709 2277 841 2378 reliquit
857 2279 1053 2351 Licheuibnt
1073 2273 1183 2350 forma
1202 2302 1240 2349 ac
1260 2276 1371 2349 habitu
1397 2282 1651 2379 apotheciorum
1672 2275 1745 2353 satir
1766 2277 1898 2357 diverso
1926 2305 1958 2356 et
1978 2309 2063 2366 atrox

431 2379 610 2478 perceptibi
628 2381 649 2448 i.

546 2574 854 2670 Opegrapheru
865 2597 899 2644 m
916 2573 1085 2668 apothecin
1104 2569 1270 2659 interdum
1281 2576 1324 2646 ita
1340 2593 1577 2672 congeruntur,
1601 2593 1636 2646 ut
1651 2571 1798 2650 formem
1813 2573 1892 2652 disci
1906 2605 2061 2654 connun-

434 2677 486 2748 nit
505 2671 650 2772 plicato·
665 2669 780 2768 gyrosi
799 2677 828 2746 G
836 2693 913 2764 yro
924 2675 1150 2770 plrorarum
1167 2671 1235 2746 sere
1253 2668 1442 2758 adsumam,
1469 2671 1523 2747 sed
1546 2695 1671 2774 praeter
1685 2673 1904 2752 differentiam
1920 2703 2065 2782 recepte·

436 2771 502 2845 culi
527 2767 717 2846 universalis
742 2768 795 2845 seu
817 2771 907 2846 thalli
933 2777 1055 2846 horum
1072 2777 1262 2862 Generum,
1303 2779 1400 2846 etiam
1426 2771 1698 2848 conforrnatione
1725 2784 1888 2878 primitiva
1910 2777 2064 2880 ipsorum

436 2875 689 2974 apotheciorurn
705 2875 849 2946 maxime
867 2869 1015 2964 diuersa,
1041 2878 1084 2947 ita
1101 2873 1277 2964 recedunt,
1300 2894 1336 2949 ut
1351 2879 1492 2950 minime
1516 2872 1679 2950 consundi
1696 2875 1827 2977 poffint.

547 3066 761 3164 Hysteriia
780 3065 945 3141 simillima
971 3064 1044 3142 sunt
1071 3063 1290 3167 quarumdam
1319 3071 1674 3168 Opegtapharum
1702 3077 1894 3172 apotheci23
1924 3075 2008 3154 adeo
2026 3101 2065 3156 ut

436 3169 566 3243 viunisi
581 3167 762 3268 praesentia
776 3167 868 3243 thalli
887 3167 1006 3242 abillis
1028 3168 1182 3269 distingui
1200 3163 1321 3268 poslint
1335 3171 1451 3242 harum
1467 3173 1522 3244 tali
1544 3169 1650 3244 modo
1666 3170 1829 3248 sormetae
1851 3172 1984 3278 speciet.

549 3367 686 3437 Nomen
714 3365 792 3434 huie
815 3367 936 3438 Generi
961 3369 1073 3464 primo
1095 3391 1112 3434 a
1137 3358 1288 3438 Nobiliss.
1313 3387 1345 3438 v.
1365 3361 1607 3436 Humbosdt
1637 3366 1848 3465 irnpofitutn,
1879 3398 1900 3444 a
1924 3377 2061 3450 vocibus

438 3467 565 3561 graecis
581 3484 648 3544 earn
661 3483 693 3534 et
709 3469 834 3556 γραφη
853 3467 886 3536 h.
906 3491 934 3538 e.
955 3490 1052 3536 cava
1077 3459 1305 3560 scriptura,
1329 3467 1375 3534 uti
1394 3461 1542 3551 videtur,
1567 3463 1751 3542 derivatum
1766 3469 1831 3563 esi,
1851 3474 1897 3548 ob
1912 3473 2066 3552 similitu·

439 3559 554 3636 diuern
572 3567 826 3662 apotheciorurn
845 3589 921 3636 eum
943 3565 1077 3638 lineolis
1093 3569 1169 3638 atris
1186 3559 1376 3663 scripturae.

551 3758 662 3830 Genua
676 3750 785 3856 ipsum
802 3751 859 3832 sub
876 3753 908 3832 se
926 3756 1356 3858 comprehenditOpegra
1365 3762 1472 3858 pirae
1492 3765 1621 3860 Specie·
1642 3759 1748 3842 Pers.
1771 3769 1942 3852 Schrad.
1965 3777 2064 3854 neh.

440 3859 551 3936 Meth-
569 3859 610 3938 L.
636 3891 679 3910 -
730 3859 931 3938 Gnnrurnts
955 3865 1012 3961 Sp.
1034 3863 1158 3936 Ehrle

916 4117 1225 4220 Explicatio
1266 4123 1585 4222 Figuratum.

1149 4295 1251 4368 Teb.
1289 4299 1361 4368 lis.

442 4469 505 4550 rip.
527 4483 560 4552 9.
610 4465 829 4563 opegruphao
845 4463 1030 4559 harpetieoe
1045 4463 1235 4560 apotheeiunr
1250 4463 1341 4526 setttte
1355 4483 1422 4527 earn
1437 4479 1522 4549 purte
1540 4469 1624 4568 rhesii
1643 4471 1665 4537 s.
1683 4477 1796 4542 enrssae
1818 4476 1976 4574 secundnm
1999 4479 2069 4545 iati-

661 4543 795 4609 tudinem
823 4543 1110 4692 ppppendreuierrter
1136 4543 1296 4618 retenum,
1315 4549 1519 4690 pptenehymu
1540 4550 1667 4618 similate
1685 4571 1715 4620 et
1732 4557 1874 4640 gonssyloa
1900 4560 2067 4628 nadulantea

662 4625 758 4692 nudor
774 4631 821 4691 iue
876 4647 927 4688 em
945 4625 1148 4706 magnitudine
1172 4623 1258 4688 vaide
1275 4645 1313 4688 au
1362 4674 1372 4694 .

2038 4745 2069 4792 Ι.
