4466 5536
447 430 493 506 η
563 437 610 489 nr
635 434 833 490 urrunnun
862 429 1131 486 surrrurnrrcn
1160 432 1210 482 cr
1240 431 1409 485 mmmm
1439 417 1635 488 ocnrnrctt'
1660 435 1936 494 ursrosrrrotre.

446 612 577 714 species.
636 619 675 688 lu
698 613 972 688 Urceolariit
996 635 1112 709 margo
1138 615 1290 710 proprius
1319 613 1462 684 laminae
1484 614 1669 712 proligerae
1685 635 1717 687 et
1737 614 1894 690 tballodes
1915 609 2009 712 saepe
2028 617 2064 690 in

447 743 551 790 uuum
576 717 686 788 coeliti
706 710 788 787 sunt.
842 714 913 787 l'oll
935 711 1054 786 [ailam
1077 720 1331 784 macerationem
1354 719 1387 784 in
1411 739 1514 812 aqua,
1536 715 1705 788 euidenter
1727 739 1876 814 apparet,
1903 718 2065 815 cartilagi-

445 816 652 906 nomiliam,
688 810 815 889 discum
838 835 870 888 et
890 819 1076 914 marginem
1102 821 1138 886 in
1164 817 1378 886 Lccnnora
1401 815 1632 910 halopbaea
1653 817 1788 914 aliisque
1803 816 2016 902 efficientem,
2043 842 2063 888 e

447 915 620 992 lubllantia
641 917 788 990 corticali
811 913 899 990 thalli
925 915 1063 1013 produci
1090 915 1139 986 trel
1164 918 1198 986 in
1223 913 1429 985 coniimilcm
1448 917 1554 1002 abire,
1582 938 1614 988 et
1636 921 1845 1011 apothecium
1869 939 1977 989 totum
2003 921 2066 989 lrac

446 1013 514 1117 ipsa
531 1014 701 1091 subilaatia
719 1013 812 1115 supra
832 1023 974 1088 omnino
994 1017 1116 1088 tellum
1134 1010 1208 1086 elle.
1260 1011 1394 1088 Discum
1417 1036 1449 1086 et
1465 1013 1623 1089 laminam
1640 1011 1841 1090 discoideam
1859 1013 1952 1116 saepe
1968 1017 2066 1102 elabi,

445 1141 514 1193 tam
531 1124 565 1190 iu
585 1120 781 1192 Lichenibus
799 1115 1043 1201 ldiotbalarnir,
1068 1141 1211 1214 quorum
1233 1141 1353 1212 nempe
1378 1121 1546 1211 apothecia
1568 1123 1749 1216 marginata
1773 1113 1868 1202 sunt,
1902 1145 2003 1217 qnam
2028 1123 2066 1192 in

444 1218 715 1294 Coenotbelamir
732 1238 763 1290 er
783 1217 1050 1290 Homothalamis
1067 1237 1275 1313 compertum
1294 1219 1460 1288 habemur.
1522 1221 1572 1288 Ex
1590 1223 1651 1289 hac
1670 1215 1915 1306 observatione,
1941 1219 2066 1318 pluries

443 1319 658 1406 confirmata,
685 1315 812 1418 oppido
831 1339 934 1412 patet,
962 1341 1072 1388 natura
1089 1313 1142 1386 sua
1161 1341 1230 1386 non
1251 1311 1384 1387 differre
1402 1317 1571 1412 apothecra
1589 1315 1654 1388 live
1670 1344 1689 1389 e
1705 1327 1836 1416 propria
1852 1315 1918 1390 l'tve
1935 1345 1953 1390 e
1969 1319 2063 1393 thalli

442 1416 615 1493 sublltntia
632 1415 775 1492 formata
791 1417 972 1490 uideantur.
1022 1417 1184 1512 Exempla
1202 1417 1375 1512 praebent,
1401 1417 1477 1486 aliar
1494 1419 1611 1490 multat
1631 1439 1666 1489 ut
1680 1439 1825 1508 taceam,
1851 1419 2064 1492 Lecideae

442 1541 475 1594 et
490 1518 750 1604 collemate,
776 1543 921 1617 quorutn
942 1517 1034 1598 illue,
1061 1539 1096 1587 ut
1114 1511 1224 1587 saltent
1246 1537 1396 1614 apparet.
1422 1521 1590 1612 aputbecia
1615 1517 1705 1618 quod
1725 1525 1856 1609 attinet,
1880 1519 1964 1592 nibil
1983 1547 2063 1594 cum

443 1619 546 1693 tirello
559 1643 742 1692 commune
757 1619 877 1690 habent
896 1616 1006 1716 quoad
1020 1614 1246 1702 substantiam,
1270 1637 1302 1690 at
1321 1621 1447 1692 borum
1464 1621 1674 1716 apotheciae
1696 1619 1785 1694 thalli
1805 1615 1976 1694 subllauria
1990 1625 2060 1694 eri·

442 1717 557 1794 deuter
572 1741 742 1820 procreata
760 1725 985 1792 inveniuntur.

553 1918 765 1992 Lichertet
795 1913 1106 2006 ldiothttlamor
1134 1921 1168 1990 in
1196 1922 1506 2016 Homogeneot
1535 1937 1568 1991 er
1592 1881 1918 2018 Heterogeneor
1939 1925 2061 1994 itemm

442 2015 596 2105 tlillimti,
622 2044 767 2116 quorum
791 2019 836 2089 illi
859 2021 1109 2116 apotheciorutn
1127 2013 1296 2091 subllantia
1314 2016 1476 2091 uniformi
1495 2019 1718 2116 pulverulenta
1737 2023 1788 2095 trel
1807 2017 1955 2094 solidiori
1971 2043 2002 2095 et
2020 2019 2061 2093 sr-

440 2118 614 2296 perethappnab
635 2123 705 2210 bis,
736 2121 936 2218 apotheciit,
963 2123 1142 2218 peritbecio
1168 2121 1325 2194 nucleum
1351 2118 1559 2218 proligerum
1573 2121 1780 2208 includente,
1805 2123 1986 2213 iuilrndlia,
2011 2119 2062 2194 di·

551 2424 763 2495 Lichener
792 2417 1162 2494 Coenotlralamor
1188 2423 1223 2491 in
1249 2417 1608 2510 Phymatoideor,
1639 2414 1902 2494 Discoideoa
1929 2441 1962 2494 et
1986 2425 2059 2496 Ce-v

443 2521 518 2618 pha
529 2521 586 2594 loi
597 2521 617 2592 d
628 2550 644 2593 e
654 2547 697 2594 os
714 2517 883 2619 dispescui.
927 2525 1059 2592 Horum
1073 2517 1302 2616 phymatoidei
1318 2525 1496 2619 apotheciir
1514 2519 1806 2595 verrucilormibur
1820 2552 1838 2594 a
1852 2521 1953 2596 thallo
1968 2543 2060 2596 eatur

441 2617 611 2706 lbrntatir,
638 2625 852 2716 peritbccium
871 2647 947 2692 cum
968 2621 1105 2706 nucleo,
1134 2621 1185 2692 vel
1203 2619 1360 2692 laminam
1381 2621 1582 2720 proligerem
1603 2619 1705 2694 solam
1729 2619 1967 2695 includentibus
1982 2649 2061 2724 gau·

441 2719 528 2794 deut.
583 2719 749 2795 Discoidci
766 2727 936 2820 aporltecia
952 2717 1117 2808 offerunt,
1144 2721 1265 2792 lamina
1289 2717 1453 2795 discoidea
1475 2725 1620 2795 colorata
1641 2719 1728 2794 nude
1753 2725 1832 2794 tec‘la
1854 2745 1883 2793 et
1908 2731 2058 2822 margine

441 2820 586 2896 tballnde
608 2851 681 2896 earn
704 2829 857 2918 cingente
881 2841 1044 2895 coronata.
1102 2820 1326 2918 Cepboloidei
1354 2847 1452 2908 uero,
1492 2827 1671 2921 apotlreciis
1697 2819 1995 2922 capitulilotrnibua
2019 2829 2057 2898 in

437 2920 580 3022 podetiis
599 2925 652 3000 trel
671 2923 762 2998 tballi
780 2923 914 2996 ramulis
928 2917 1150 2994 terminalibus
1165 2948 1182 2990 a
1198 2923 1360 3020 prioribus
1375 2917 1545 2997 differunt.

551 3121 758 3194 Licbeucs
782 3119 1104 3192 llomotbalami
1126 3114 1200 3194 suut
1227 3141 1282 3192 aut
1303 3120 1551 3207 scutellam,
1577 3125 1753 3216 apotheciir
1778 3115 1897 3195 scilieet
1918 3117 2057 3198 scutelli-

437 3217 601 3298 sormibur
617 3216 827 3294 subseffilibns
843 3226 1032 3318 marginatis
1045 3221 1201 3305 instructi,
1226 3241 1280 3294 aut
1297 3221 1467 3304 Peltati,
1493 3227 1526 3298 h.
1542 3247 1569 3295 e.
1583 3224 1761 3320 apotheciin
1777 3223 1902 3322 peltatis
1920 3227 2058 3302 immat-

437 3329 556 3426 ginatir
578 3323 796 3422 utplurimum
819 3321 1095 3396 dentato-ciliatir
1116 3319 1263 3420 praediti.

447 3527 451 3534 ·
552 3493 603 3572 nd
618 3499 705 3571 hauc
722 3519 877 3570 normam
894 3489 1027 3600 sequeus
1048 3488 1191 3594 expreffa
1208 3517 1246 3566 ac
1262 3487 1411 3567 ordinata
1428 3489 1471 3568 cll
1487 3493 1654 3570 Generum
1669 3495 1846 3571 Dianome.
