4466 5536
452 391 501 490 {0
993 387 1073 462 ,nc
1093 365 1293 454 attenuent
1318 342 1532 460 renerent}

449 571 491 646 ln
513 567 712 653 bicbenibut
733 563 1082 646 antem-foecundatio
1107 569 1175 670 ipfp
1196 569 1304 648 adbuc
1325 574 1418 646 valde
1443 573 1593 656 dubiem
1607 572 1734 652 lrudlue
1751 573 1971 682 subsequeati·
1986 579 2082 656 bullo

450 691 539 748 certe
553 671 677 748 indicia
690 667 827 760 edsunt3
853 697 915 746 nec
934 672 1020 745 ultus
1036 679 1176 748 Seminis
1200 681 1337 772 genuini
1360 681 1561 752 cbaredleret
1587 684 1621 752 in
1644 687 1711 772 jaan
1730 677 1824 752 dictu
1843 681 2007 782 Gongylis
2024 709 2081 756 ex·

450 775 575 876 plicare
600 773 654 848 vel
671 771 900 850 detnonllrare
925 773 1036 850 ualuit.
1095 781 1133 848 ln
1158 773 1329 850 Metbodo
1353 781 1537 856 Licbeourn
1564 776 1737 880 lporarum
1760 802 1792 854 et
1813 783 2081 880 propagulorum

450 881 592 952 nomine
614 881 762 952 veniunt.
823 877 879 950 Ob
909 881 1087 953 minutiem
1111 895 1143 948 et
1169 875 1320 950 colorent
1347 901 1511 978 opaeum,
1542 882 1709 954 internam
1733 899 1853 957 eorum
1868 883 2083 974 strenuum·

451 983 552 1052 etiam
568 1001 635 1079 ope
649 984 812 1054 vitrorum
831 982 1062 1074 maximopere
1077 983 1271 1076 augentium
1285 1003 1399 1051 eruere
1416 977 1530 1054 frullra
1546 987 1679 1055 tentari.
1733 983 1923 1082 Aliquando
1939 1011 1998 1083 per
2012 1009 2082 1060 ana·

450 1082 655 1162 tentionem
678 1085 714 1154 in
735 1105 820 1178 aqna
840 1077 1072 1178 pellucidiores
1092 1076 1168 1152 laeti
1193 1074 1289 1162 sunt,
1314 1077 1369 1150 sed
1391 1077 1593 1180 nequidem
1621 1087 1726 1156 boeee
1745 1081 1852 1157 modo
1879 1091 2018 1184 contigit
2043 1091 2081 1160 in

451 1179 647 1262 ssrudluram
662 1204 782 1254 eorum
797 1186 933 1279 propius
953 1185 1131 1279 inquirere.
1191 1183 1327 1250 Horum
1354 1181 1423 1265 illi,
1456 1187 1513 1280 qui
1538 1188 1572 1256 in
1596 1179 1745 1256 formam
1767 1184 1912 1282 pulveris
1929 1185 1970 1260 ad
1986 1187 2080 1262 thalli

451 1277 663 1384 superficient
684 1275 782 1381 sparsi
797 1281 858 1386 =trel
878 1287 913 1354 in
933 1277 1077 1356 Sorediis
1097 1280 1339 1376 conglomerati
1365 1288 1598 1380 reperiuntur,
1634 1281 1756 1359 diutius
1780 1287 1921 1362 emolliti
1944 1288 2082 1388 pelluci-

451 1381 563 1458 diorea
584 1383 785 1483 plerumque
801 1379 967 1466 evadunt,
1003 1383 1059 1454 alii
1078 1399 1188 1452 entem
1214 1384 1263 1452 bis
1292 1388 1469 1454 commixti
1492 1379 1622 1484 semper
1647 1389 1742 1482 opaci
1770 1383 1976 1484 permanent,
2024 1393 2085 1464 Se·

452 1483 603 1560 cundum
629 1480 831 1582 hypothefio
856 1479 1032 1576 Hcdwigii
1056 1480 1130 1554 illos
1156 1476 1464 1578 spermatocyllidia
1489 1480 1660 1558 salutarem
1682 1490 1834 1583 geniture
1857 1485 1998 1564 mascula
2029 1516 2080 1563 re·

477 1587 566 1678 leta,'
586 1587 648 1660 bor
668 1591 714 1658 uri
731 1581 1033 1682 spermatocyllidia
1050 1601 1207 1668 euacuara¹
1219 1603 1317 1680 atquc
1332 1581 1498 1656 emarcide
1513 1583 1729 1665 aestimarem.
1781 1585 1844 1662 Sed
1862 1585 2082 1663 mediantibus

451 1613 827 1866 lteteturtt
852 1681 1029 1858 utet
1043 1679 1166 1858 [eb
1184 1683 2083 1882 vzittertrtettrente:‘⁵taberet

451 1889 701 1990 derogantibus.
759 1884 812 1960 ud
834 1909 891 1961 eor
910 1883 1002 1984 quod
1026 1889 1157 1972 attinet,
1171 1840 1247 1984 ’qui
1269 1889 1353 1958 iutra
1375 1889 1545 1984 apotbecia
1562 1885 1614 1962 rel
1630 1842 1926 1988 tballum’dcguum
1960 1845 2084 1968 eodenl

454 1989 572 2068 officio
587 1993 686 2064 otiam
703 1991 765 2060 hor
784 1981 882 2085 fungi
899 1982 944 2060 lat
958 1987 1127 2086 probabile
1144 1985 1199 2060 cll.
1252 1986 1417 2060 Thallum
1434 1982 1560 2086 ipsum,
1586 1995 1734 2088 quarreria
1754 1997 1933 2088 aporbeeiia
1953 1989 2084 2066 dcllitu·

452 2109 577 2168 tumet
602 2083 676 2164 casu
700 2087 887 2188 diaruptutn
914 2095 983 2182 ejua
1007 2084 1184 2162 frustulum
1206 2091 1240 2160 in
1267 2083 1299 2160 se
1320 2091 1493 2186 googylos
1516 2097 1690 2164 continent
1711 2098 1941 2190 propagationi
1961 2091 2084 2192 speciei

451 2185 608 2298 inservire
623 2183 832 2264 observatum
848 2187 904 2264 ell.
958 2191 1435 2286 l'ropagationemLiclrenntn
1457 2216 1516 2288 per
1538 2192 1714 2290 Gongylor
1737 2185 1822 2265 solos
1837 2201 1970 2292 peragi,
1995 2193 2084 2270 affir-

452 2294 751 2392 mantapotbecia.
777 2315 862 2390 quoe
877 2283 1018 2388 dispersa
1033 2295 1249 2364 inveniuntur
1271 2289 1391 2386 absque
1414 2285 1471 2362 suo
1496 2291 1600 2366 tballo
1623 2297 1782 2392 proprio.
1820 2299 1854 2368 in
1877 2295 1993 2386 nullo,
2026 2293 2083 2372 vel

450 2402 489 2476 ln
509 2395 612 2470 tlrallo
631 2397 809 2492 peregrino
828 2389 1098 2491 propullulautia.
1157 2391 1243 2474 Ubi,
1278 2395 1311 2462 iu
1333 2393 1397 2463 boc
1419 2387 1513 2476 casu.
1545 2389 1630 2466 faeta
1658 2393 1702 2466 ell
1726 2390 1961 2470 foecundatio?
1997 2393 2079 2496 quo·

452 2495 561 2576 modo
578 2491 705 2570 studius
724 2491 862 2596 produci
878 2497 1006 2590 potuit!
1059 2499 1110 2564 bn
1131 2491 1194 2564 tale
1214 2492 1404 2590 extenplurn
1427 2491 1575 2590 poll'rbile
1593 2499 1678 2568 inter
1693 2521 1810 2568 omnea
1833 2497 1959 2598 plautae
1983 2504 2082 2596 phae-

450 2591 848 2798 ttrltutrl
866 2589 1449 2796 eluetinstitute
1467 2601 1849 2772 ‘institut’
1883 2593 2084 2800 latter

452 2805 639 2880 Liclrenttm
660 2797 705 2874 l'rc
727 2797 895 2872 didlorum
913 2797 1178 2880 Arbalamormn,
1203 2797 1437 2972 gonpylorotn
1462 2803 1612 2871 virtutem
1631 2799 1875 2892 prolificautem
1891 2803 2081 2892 confirmat,

452 2931 496 2980 ue
518 2901 652 3080 dicar,
685 2897 776 3004 quod
798 2921 926 3006 practer
947 2898 1128 3002 Gongylos
1155 2899 1245 2976 nulla
1284 2907 1395 2978 etniue
1417 2897 1480 2972 alia
1504 2903 1588 2974 lutee
1621 2901 1803 3002 Apotheeie
1824 2903 2011 2980 Licbenurn
2031 2905 2081 2978 in·

451 3025 549 3082 venta
621 3022 645 3080 t.

557 3211 604 3286 Ut
619 3207 691 3282 beie
708 3231 865 3282 moneam
881 3201 1006 3284 neccll'e
1027 3205 1088 3296 eil,
1115 3204 1205 3310 quod
1226 3209 1454 3284 membranula
1471 3205 1677 3294 tenuill'rma,
1710 3199 1908 3306 gelatinofae
1930 3221 1967 3278 nt
1987 3199 2079 3276 eide·

451 3329 505 3388 tut
522 3331 676 3400 naturae,
703 3315 829 3406 integra
853 3303 948 3408 supra
968 3331 1120 3412 tegantur
1135 3309 1359 3412 quorumdam
1378 3313 1563 3383 Lielrenurn
1585 3313 1765 3408 Apotbeeia
1779 3335 1878 3394 acra,
1904 3327 2081 3404 antequam

451 3409 597 3518 perlcdle
616 3411 833 3536 explicentur.
884 3407 1030 3488 Discedit
1046 3433 1078 3484 et
1093 3407 1256 3534 eaetrclcit
1280 3409 1397 3484 illbaee
1417 3407 1643 3484 membranula
1655 3395 1737 3583 poll
1759 3410 2080 3526 evolutioneminte·

451 3509 1824 3716 lllrlllltlblllrlblllllll'.lllltf'blllbtsslnl
1845 3509 2081 3682 blitilde

447 3719 583 3796 letrinte
602 3709 738 3802 fatiscit,
763 3719 799 3792 in
818 3719 932 3818 primit
952 3721 1033 3792 e'e‘rit
1054 3711 1211 3802 liccitate‚
1238 3739 1339 3816 quare
1358 3711 1417 3788 lub
1436 3721 1526 3790 abrit
1544 3711 1735 3812 composuit
1756 3707 1968 3786 examinandi
1985 3733 2079 3782 occa·

449 3817 501 3898 fio
517 3815 624 3897 adbuc
641 3813 757 3894 deluit.
809 3817 990 3916 llmlogou
1008 3813 1088 3920 quid
1108 3813 1232 3894 ollerre
1253 3813 1381 3890 videtur
1403 3815 1461 3892 illa
1481 3817 1730 3890 membranacea
1752 3809 1909 3910 expanlio
1931 3837 2009 3883 curn
2025 3815 2083 3882 lo-

448 3921 591 4004 tolncro
614 3915 841 4020 quorumdam
869 3915 1076 4022 fungorum,
1119 3917 1288 3996 Annulo
1313 3937 1410 4020 puta,
1441 3917 1591 4002 Volva,
1617 3919 1796 3990 Cottion
1821 3909 1875 3985 seu
1893 3909 2083 3986 Velobo.

450 4051 540 4114 tutte.
565 4049 588 4100 o
630 4045 690 4096 ana
709 4015 852 4098 nraleula
869 4013 1048 4100 secundem
1058 4017 1508 4120 lledwipiomeontineutee
1533 4013 2083 4118 sedinplurimiebiebenibnabu·

450 4135 499 4228 lut
517 4047 764 4204 rnenllrarinlae
780 4121 911 4246 relligio
927 4123 1017 4200 nulla
1036 4117 1271 4212 observantur,
1302 4119 1391 4216 unde
1409 4115 1610 4197 concludere
1623 4116 1672 4194 fat
1689 4115 1754 4202 cll,
1781 4141 1854 4190 eam
1874 4119 1930 4190 trix
1949 4119 2083 4190 muneri

451 4227 512 4313 lllo
533 4221 708 4330 implendo
729 4221 816 4328 apud
838 4223 994 4302 beelteem
1010 4217 1234 4300 consecratam
1250 4217 1336 4316 elle,
1356 4217 1411 4298 sed
1429 4241 1556 4300 tentem
1568 4223 1728 4320 tegmeoti
1743 4217 1861 4309 iollae,
1886 4233 2003 4290 tenero
2024 4213 2082 4292 ed·

448 4335 514 4420 llud
533 4329 729 4438 epotbtelo.
756 4323 874 4404 tutelee
888 4329 928 4404 ab
945 4328 1071 4424 lulnriit
1088 4319 1258 4406 iol'etrite.

566 4527 617 4614 bd
632 4533 790 4632 pretore
809 4521 942 4604 l'tcttnrli
968 4521 1097 4604 ordini·
1123 4517 1176 4600 sen
1194 4521 1355 4622 ctrrffort‘e
1371 4547 1388 4596 a
1406 4547 1462 4598 rnc
1481 4537 1698 4598 numerantur
1716 4519 1928 4615 ceptrtrrtn,
1955 4519 2086 4624 Cyplrl·

449 4639 496 4724 let
512 4653 543 4722 et
563 4635 749 4725 teneret.
776 4631 894 4736 qulbur
912 4625 1001 4708 lette
1021 4627 1121 4706 rum
1140 4621 1219 4708 eddi
1241 4619 1377 4730 petrau
1397 4625 1555 4704 Sortem·
1600 4622 1778 4702 lomeltie
1804 4649 1882 4702 euru
1903 4625 2085 4725 apotheciie

1994 4729 2083 4798 aeria
