4398 5524
842 453 1047 508 Palliifflfl.
1706 463 1750 530 91

339 593 403 768 ias.
424 627 545 688 Laetinn
572 623 723 699 diseaitlea
744 643 888 698 concava,
921 629 1110 709 apothecium
1131 639 1229 690 totum
1252 647 1345 712 usque
1365 629 1404 692 ed
1422 643 1588 696 extremum
1606 634 1754 698 ambitum

391 726 466 790 upra
488 725 594 785 tegent.

336 814 367 876 b.
393 815 553 876 Substantia
568 811 652 874 thalli
664 833 680 874 a
694 832 752 896 qna
768 815 955 895 apothteiuur
970 811 1071 878 subtus
1087 815 1248 878 formatura
1266 818 1315 881 est.

337 939 365 982 c.
389 922 556 980 Coarlilatio
572 916 723 986 centralis,
743 941 801 1000 qun
817 921 1004 998 apothetinnr
1020 919 1113 980 thallo
1128 918 1227 979 subtus
1242 921 1381 998 affigitur.

335 1023 370 1084 d.
391 1023 495 1085 Thalli
510 1044 593 1107 pars,
614 1043 669 1104 pro
691 1026 859 1104 receptione
875 1025 1020 1102 apothecii
1033 1023 1071 1084 ad
1090 1019 1131 1108 (e)
1150 1021 1269 1086 elevati.

339 1149 364 1187 e.
373 1148 400 1188 e.
422 1125 560 1188 Fibrillae
579 1132 608 1186 in
622 1126 758 1186 inferiori
775 1139 856 1208 parte
871 1124 958 1186 thalli
977 1143 1007 1186 et
1019 1129 1179 1208 apotheeii.
1216 1183 1219 1190 ,

295 1239 325 1298 Β.
350 1236 487 1294 Laminae
505 1231 671 1292 discoitleae
693 1232 780 1303 hujus
802 1231 937 1290 Lichenis
954 1251 1036 1312 pars,
1067 1237 1150 1304 cnjus
1173 1233 1368 1308 parenchyma
1388 1231 1514 1296 similare
1537 1235 1622 1297 lineit
1648 1236 1751 1298 obsen-

337 1315 469 1408 rioribut
482 1314 558 1371 binis
577 1311 811 1408 horizontalibua
830 1313 908 1406 qttali
924 1315 953 1370 in
966 1315 1030 1406 'tria
1048 1315 1131 1406 litata
1155 1307 1184 1390 (a
1205 1313 1224 1370 b
1241 1308 1284 1452 ιζ
1297 1312 1425 1404 divisura
1446 1318 1496 1374 eil.
1537 1316 1663 1395 Gongyli
1687 1317 1750 1402 pas·

335 1395 387 1455 fim
403 1415 434 1452 tn
449 1411 482 1452 ea
498 1395 624 1470 congellt
640 1389 768 1451 maculat
780 1389 934 1452 saturante
951 1395 1054 1454 ttneiat
1070 1405 1144 1452 tntra
1161 1411 1264 1474 parent
1285 1411 1351 1461 yrna
1367 1393 1535 1459 estormtnt.

135 1533 190 1608 Fig,
206 1543 255 1593 10.
300 1530 336 1587 A.
358 1519 542 1582 Parmeliae
561 1517 806 1598 pulverultntne
819 1520 1008 1599 apothetintn
1028 1517 1154 1580 setlione
1172 1517 1426 1600 perpendiculari,
1449 1544 1477 1583 nt
1504 1543 1534 1588 a.

333 1629 437 1694 a.b.c.
462 1640 494 1686 ut
513 1631 542 1686 in
561 1629 647 1703 ign).
664 1630 697 1688 n.
718 1621 878 1706 explicatae
905 1621 978 1686 sunt.
1025 1625 1080 1687 Sed
1101 1631 1130 1686 in
1154 1625 1206 1687 hae
1231 1623 1326 1708 specie
1352 1624 1458 1687 lamina
1505 1628 1630 1707 coligera
1651 1637 1747 1695 minin

376 1725 505 1768 concava
531 1709 571 1766 eil
596 1722 626 1766 ct
651 1707 757 1767 thallus
779 1710 807 1765 in
830 1705 942 1766 atnbltn
967 1710 1116 1786 apothetii
1132 1705 1269 1768 laminam
1290 1709 1381 1784 magis
1400 1649 1516 1769 excedit
1539 1727 1568 1771 et
1588 1717 1748 1788 marginem

319 1819 322 1826 ⁴
377 1785 540 1849 thallodent
558 1784 627 1846 litet
643 1793 784 1862 etigunnr
800 1787 912 1847 ibidem
929 1787 1079 1850 effornat.

292 1903 325 1964 Β,
348 1889 959 1970 Laminaediscotneaepartealdetutta.
1001 1896 1115 1970 Notatn
1141 1892 1262 1970 dignum
1291 1897 1349 1966 en,
1385 1895 1416 1953 in
1437 1897 1500 1966 eiua
1521 1897 1746 1974 paretrchymate

332 1993 490 2038 oeenrrere
510 1970 640 2036 Cellulaa
659 1970 745 2033 valde
766 1973 973 2052 polymorpltat
996 1977 1034 2050 eti
1053 1972 1136 2034 simul
1158 1979 1344 2037 committat.
1398 1972 1481 2034 Aliae
1510 1978 1589 2035 eninr
1620 1981 1746 2042 tenuisti·

331 2077 398 2118 ntae
413 2055 628 2122 striaeformet‚
656 2051 730 2113 aliae
750 2049 1058 2132 elongato-ellipticae
1079 2069 1108 2113 et
1127 2059 1327 2124 actuninatae,
1348 2051 1423 2114 aliae
1443 2051 1645 2130 snbglobosae.
1683 2057 1744 2120 nlt-

331 2157 407 2220 qnae
437 2133 636 2196 membranula
661 2133 794 2194 cellulari
815 2137 925 2194 titrtlae
946 2132 1030 2202 sunt,
1060 2132 1134 2193 aliae
1158 2135 1276 2194 detnnnt
1302 2135 1356 2196 lrac
1375 2134 1530 2195 destitutae
1550 2137 1689 2200 videntne
1716 2155 1745 2202 et

332 2234 445 2280 tanturn
469 2215 604 2278 ettall'nlat
628 2237 643 2274 e
669 2213 799 2292 gongylis
820 2211 1045 2288 conglomeratis
1062 2215 1201 2296 fortnatas
1220 2214 1328 2274 offerre
1345 2221 1424 2276 ut'in
1440 2213 1507 2276 aliis
1528 2217 1682 2296 permultis
1697 2223 1745 2280 Li.

331 2301 454 2359 tirenum
476 2297 623 2379 speciebus
677 2292 742 2377 (Cl'r
777 2294 833 2356 obs
861 2293 897 2354 acl
933 2295 1032 2357 rano
1067 2297 1104 2369 fig
1128 2311 1172 2358 ιι.
1198 2299 1229 2354 in
1256 2293 1452 2374 explicat.fig
1488 2293 1540 2354 snlr
1565 2297 1744 2360 Urceola·

331 2385 411 2440 riae
433 2376 569 2458 Genera).
627 2383 776 2440 Praeterea
805 2373 922 2452 gongyli
952 2373 1116 2435 nidulanter
1142 2374 1228 2454 sparsi
1252 2376 1325 2436 nudi
1346 2374 1646 2438 intra-hasteoatuet
1670 2380 1745 2443 telae

328 2457 484 2524 tellulosae
503 2457 631 2520 diversae
652 2461 758 2536 figuras
776 2452 859 2518 simul
882 2453 983 2516 incluli
1000 2454 1203 2522 observantur.

139 2593 191 2676 fig.
203 2606 247 2669 η,
291 2589 474 2662 famellae
494 2607 648 2656 recurvae
667 2587 858 2668 apothecium
879 2599 912 2646 ut
935 2587 966 2644 in
987 2581 1245 2645 antecendentibut
1270 2577 1334 2667 (fig.
1344 2599 1372 2663 9.
1390 2587 1427 2649 A.
1454 2599 1504 2652 10.
1519 2583 1569 2672 tt.)
1588 2561 1762 2652 teseelnms

358 2700 398 2740 m.
414 2697 441 2739 a.

327 2783 496 2921 alpamgna
524 2775 673 2838 diseoidea
693 2785 790 2834 totum
812 2771 1000 2850 apollteeiuttr
1026 2767 1112 2852 snpra
1135 2741 1294 2847 obtegens,
1314 2781 1419 2854 utpote
1439 2783 1507 2832 nota
1529 2771 1685 2838 effentialit
1713 2779 1744 2838 in
1811 2791 1815 2798 ’

390 2881 425 2922 oe
471 2878 567 2922 onere.

328 2967 393 3031 bc.
416 2986 448 3025 nt
464 2969 493 3024 in
513 2965 612 3022 citarit
631 2961 733 3037 figuris
751 2952 911 3035 explicatae
927 2950 1005 3017 sunt.

139 3101 192 3176 Fit.
207 3113 251 3164 12.
291 3101 328 3163 A.
371 3089 556 3152 Parmeliae
570 3087 773 3167 centrifugne
787 3082 977 3166 apothetium
998 3078 1085 3143 fimili
1106 3081 1199 3144 ruodo
1220 3081 1449 3166 representatum
1467 3096 1500 3145 nt
1522 3086 1552 3146 in
1574 3087 1675 3164 ligurit
1692 3105 1741 3152 an.

358 3169 568 3236 recedentibus.
593 3190 633 3232 ιιι.
651 3187 677 3228 a.

325 3297 390 3344 aa.
413 3279 552 3336 Laminie
573 3271 737 3333 discoideae
765 3271 894 3332 ambitus
914 3272 1047 3331 inflexus.
1098 3272 1200 3330 Haece
1222 3267 1314 3329 modo
1336 3271 1522 3350 apotheeiutn
1545 3276 1740 3348 marginatntn

367 3356 470 3418 evadit
488 3359 517 3414 in
539 3352 696 3415 Parmeliae
718 3350 884 3432 speciebus.
912 3373 979 3412 nam
1002 3369 1094 3430 usque
1116 3351 1151 3411 ad
1176 3367 1338 3410 extremum
1360 3351 1504 3410 ambitum
1529 3355 1675 3431 apothecii
1691 3373 1739 3415 ex·

369 3436 501 3497 tenditur
530 3433 658 3504 lamina,
689 3431 767 3493 unde
791 3451 809 3492 a
834 3429 945 3502 thallo‚
977 3433 1055 3492 hunc
1077 3431 1221 3491 ambitum
1243 3428 1324 3491 haud
1351 3431 1520 3512 superante,
1556 3436 1606 3495 vix
1632 3437 1739 3512 margi·

366 3532 444 3576 nata.

326 3625 357 3683 b.
368 3620 432 3684 e.d.
456 3622 500 3678 uti
517 3617 555 3677 ad
577 3619 625 3692 fig.
636 3633 666 3692 9.
680 3620 716 3678 Α.
736 3612 931 3696 explicantur.

286 3732 320 3789 B.
343 3725 477 3801 Ejusdem
491 3721 641 3803 apotheeii
657 3739 722 3800 part
735 3739 829 3802 prope
849 3721 994 3780 ambitum
1010 3719 1166 3788 inflexum,
1189 3735 1365 3798 magnopere
1380 3720 1477 3785 anila.

325 3851 354 3896 a.
376 3832 497 3893 Lamina
515 3826 680 3890 discoinea,
704 3831 784 3900 cnjus
802 3825 992 3906 parcnthyrna
1012 3821 1073 3881 duo
1097 3824 1182 3882 strata
1207 3819 1238 3894 (b
1261 3821 1306 3902 e.)
1326 3823 1452 3883 ollentlit
1476 3822 1551 3883 linea
1570 3822 1738 3884 saturatiori

366 3910 510 3976 dininaa,
540 3927 668 3988 quontm
693 3905 824 3984 superius
843 3905 1004 3964 tennissime
1025 3899 1346 3975 callidula-striarum,
1374 3903 1498 3966 inferint
1517 3903 1653 3967 similate.
1702 3909 1736 3964 In

365 4006 493 4071 utroque
511 3985 629 4066 gongyli
648 3983 809 4045 nidulantee
828 3984 899 4045 nudi
917 3995 1087 4044 occurrunt.

325 4094 392 4156 (ld.
414 4096 549 4156 Exterior
564 4103 593 4150 et
615 4089 741 4149 inferior
760 4105 824 4167 pars
843 4087 1023 4164 apotheciia
1045 4081 1138 4146 thalla
1158 4083 1302 4156 formata,
1335 4106 1390 4146 nna
1409 4107 1474 4144 eunt
1494 4083 1600 4145 lamina
1623 4088 1652 4144 in
1676 4107 1736 4148 aru·

363 4177 427 4235 bitu
452 4175 574 4312 inflepa,
597 4169 645 4230 sed
668 4167 781 4230 ibidem
797 4171 957 4244 marginem
973 4164 1066 4226 ullum
1083 4162 1261 4237 tutilonem,
1281 4167 1425 4226 ambitum
1443 4169 1581 4225 Laminne
1598 4167 1739 4228 exceden-

366 4269 444 4322 tern,
465 4273 519 4334 pro
535 4271 627 4311 erens.
1543 4257 1549 4274 ‘

133 4385 187 4462 lig,
201 4399 245 4462 13.
285 4380 470 4446 Parmeiiat
482 4377 648 4462 erteattstae
660 4377 871 4462 apothecium‚
892 4377 970 4448 utin
990 4376 1090 4452 figuris
1103 4390 1132 4448 9,
1151 4389 1200 4440 10.
1218 4389 1265 4438 11.
1283 4387 1332 4440 12.
1348 4376 1382 4440 A.
1398 4371 1507 4436 senum
1523 4394 1558 4435 ae
1571 4375 1736 4459 repraesen-

353 4476 456 4523 talum.
479 4483 519 4520 m·
537 4480 565 4524 8.

323 4589 349 4629 a.
365 4566 395 4627 b.
408 4563 471 4629 ed.
495 4563 557 4626 cfr.
579 4561 743 4642 Explicatio
761 4565 854 4636 Pipa
884 4563 916 4618 Λ.
936 4589 978 4606 -
1018 4562 1108 4620 Linea
1124 4556 1250 4620 fusteia
1266 4555 1325 4620 duo
1347 4559 1432 4620 arata
1452 4561 1532 4642 quast
1546 4558 1674 4623 divisura
1695 4561 1737 4621 eli

363 4647 559 4728 parencltyma
573 4641 698 4704 laminae
714 4657 746 4703 ut
764 4645 795 4703 iu
806 4645 868 4719 Fig.
881 4654 928 4706 12.
943 4643 977 4704 B.

1097 4744 1127 4804 N
1149 4755 1169 4810 2
1675 4745 1737 4818 rig.
