4330 5532
464 436 466 446 ¹
496 445 591 534 392*
1004 447 1007 454 ’
1101 421 1317 519 naeinam:
1343 437 1527 520 Rinotliira.

524 619 530 684 Ῐ
556 623 562 630 ’
608 648 661 724 Ab
685 639 746 721 lr‘ae
774 640 871 720 valde
902 641 1051 720 dillioila
1084 629 1228 719 virletur¹
1246 595 1519 746 nossralpeciee
1535 667 1603 723 tarn
1634 647 1749 724 colore
1777 673 1871 748 qnam
1895 641 1987 724 lorme
2009 647 2064 725 ‹lilei

606 754 863 850 apotheciorum
885 773 982 848 arque
1001 753 1125 822 horum
1147 754 1298 846 margine
1317 747 1462 823 tlrallode
1482 777 1580 833 vero,
1608 755 1643 824 in
1662 753 1838 823 Lecidea
1857 749 2064 826 caelio-ruli

510 899 514 906 ·
608 855 946 948 onrnino'proprio,
974 875 1035 921 nec
1060 848 1130 922 ullo
1156 847 1304 921 inodoa
1335 849 1439 924 ceolla
1462 848 1624 925 formato.
1692 857 1853 944 Praeterea
1871 855 1999 951 exempla
2015 861 2099 926 no‘

606 955 739 1029 'tatioair
764 952 889 1025 coloris
914 957 948 1024 io
974 956 1126 1050 margine
1151 948 1300 1024 thallode
1320 975 1393 1026 non
1416 957 1461 1026 ita
1484 979 1555 1028 tara
1574 949 1651 1028 suat
1671 957 1720 1026 in·
1734 955 1802 1026 boc
1819 955 1945 1025 Genere.

517 1099 561 1195 β.
587 1110 626 1180 L.
646 1111 814 1180 arenaria:
852 1101 956 1174 crusta
978 1105 1069 1173 tenui
1097 1101 1294 1198 inaequabili
1317 1075 1606 1196 cinereo-caelite
1633 1107 1810 1205 apotlreciit
1834 1108 1955 1179 minum
1972 1113 2068 1178 rrooto‘

510 1243 515 1250 ·
552 1212 697 1289 rubria,
725 1205 886 1296 margine.
897 1199 1044 1276 thallode
1066 1197 1217 1275 dilutiori
1236 1197 1466 1280 subalbicante.
1600 1261 1612 1286 r

545 1329 707 1410 Patrnelia
728 1323 892 1428 craspedia
918 1357 989 1405 aar.
1010 1321 1054 1412 β.
1076 1333 1235 1403 arenaria.
1277 1325 1400 1434 Arban·
1415 1333 1519 1405 Mella.
1537 1331 1620 1410 licia.
1641 1357 1678 1430 p.
1693 1349 1754 1425 175.

546 1463 740 1534 verrucaria
762 1460 920 1531 arenaria.
976 1455 1096 1550 Hoffm.
1117 1459 1170 1531 Fi.
1196 1456 1306 1527 Germ.
1328 1481 1364 1549 p.
1376 1472 1439 1540 178.

547 1591 671 1664 Licben
694 1587 871 1656 arenarius.
913 1576 1067 1676 Persona.
1092 1606 1145 1673 op.
1175 1579 1281 1674 [ἶβιν.
1308 1587 1341 1655 in
1363 1577 1487 1676 Annei.
1510 1579 1646 1658 rilint.
1670 1585 1717 1658 st.
1727 1605 1757 1670 7.
1786 1607 1869 1682 μη

402 1723 405 1740 ’
547 1716 682 1788 Habitat
702 1707 743 1781 ad
768 1704 840 1780 saxa
870 1711 1017 1779 arenaria
1042 1709 1250 1780 Germaniae.
1848 1749 1851 1754 .

545 1839 661 1916 Crulla
687 1837 782 1930 hujus
814 1828 1022 1909 Lotideae
1051 1824 1352 1904 caesio-rosae
1377 1827 1517 1904 crullam
1549 1827 1710 1907 allimilat.
1773 1836 1879 1909 Etiam
1902 1831 2071 1934 specimine

610 1941 788 2013 Germania
808 1940 917 2032 accepi
935 1938 1074 2004 nomine
1093 1935 1205 2002 Licb.
1229 1937 1415 2005 arenarii
1434 1929 1517 2004 Pers.
1540 1930 1712 2032 inscripta,
1736 1959 1821 2033 quae
1843 1937 1881 2010 ad
1903 1937 2071 2011 leridern

608 2033 930 2115 caesio-rufam
956 2038 1140 2130 pertinent,
1178 2027 1232 2104 se'd
1261 2053 1293 2104 et
1324 2033 1384 2106 alia
1409 2038 1560 2130 margine
1589 2033 1737 2106 thallode
1772 2063 1851 2112 aero
1883 2037 2014 2109 instruile
2035 2057 2071 2104 eo·

608 2139 685 2215 <lem
705 2143 845 2224 nomine
866 2134 1035 2234 infigam,
1063 2157 1147 2232 qnae
1172 2129 1213 2203 ad
1235 2139 1422 2206 varietatem
1452 2131 1655 2232 praesentem
1684 2131 1799 2208 referri
1824 2135 1944 2212 debent.
1999 2139 2071 2209 Non·

609 2267 711 2342 quam
740 2246 773 2312 ira
799 2227 1274 2314 Lecidea·caesio·rula
1303 2239 1488 2331 marginem
1515 2239 1765 2332 apotlreciorum
1795 2239 1986 2336 pallidiorem
2006 2260 2072 2336 qoem

607 2343 734 2417 discum
757 2345 865 2412 inveni
886 2361 918 2410 et
943 2344 1026 2410 banc
1050 2338 1095 2407 ob
1114 2329 1256 2406 catellam
1275 2337 1445 2410 conviilue
1467 2335 1587 2424 credo,
1613 2333 1836 2430 synooyrnon
1856 2335 2027 2412 Hoffmanni
2047 2329 2073 2402 tl

608 2451 694 2520 lranc
731 2441 874 2512 nostram
909 2445 1098 2511 varietatem
1132 2429 1346 2509 referendum
1377 2461 1439 2508 nee
1468 2435 1510 2508 ad
1540 2432 2073 2528 Lecideam'ciaesio·ralam.

609 2549 720 2622 Miror
742 2540 833 2640 qnod
857 2545 986 2640 Species
1010 2559 1078 2612 tam
1105 2536 1226 2610 colore
1254 2533 1333 2612 disci
1361 2540 1618 2638 apotbeeiotum
1649 2561 1752 2640 qtratn
1781 2545 1936 2642 margioia
1961 2529 2074 2622 direrltt,

517 2721 521 2737 ,
609 2647 695 2722 adeo
723 2637 880 2718 confusae
908 2639 1042 2730 luerint.

500 2886 561 2968 63.
591 2865 859 2948 LECANORA
886 2863 1125 2962 bryontha.

548 3028 586 3101 L.
613 3019 715 3094 crolla
747 3013 929 3091 tenoill‘tma
958 3015 1054 3104 alba;
1096 3019 1277 3117 apotheciie
1305 3015 1439 3104 crallis,
1478 3011 1571 3092 disco
1603 3015 1861 3096 concaviusculo
1886 3011 1998 3118 togolo
2022 3011 2078 3085 lire·

610 3121 709 3196 scenti
743 3125 895 3216 lrepatico
916 3125 1102 3216 marginem
1124 3117 1304 3194 thallodern
1328 3117 1531 3192 tumidulom
1560 3114 1820 3216 subobtegente.'

545 3251 704 3330 Parmelia
728 3239 873 3317 subfusca
897 3270 968 3318 vor.
986 3237 1026 3322 Β.
1055 3246 1206 3336 bryonia.
1258 3242 1381 3321 Arbor.
1408 3243 1510 3316 Melle.
1531 3247 1621 3320 Litb.
1644 3251 1751 3339 p.167.
1871 3227 1887 3243 ⁶

548 3381 687 3454 Habitat*
710 3368 802 3470 supra
828 3363 958 3442 muscos
980 3368 1020 3440 ad
1042 3368 1130 3466 alpes
1154 3373 1363 3466 Lapponiae‚
1394 3367 1636 3468 Wablenbcrg;
1664 3370 1854 3458 Helvetiae,
1879 3369 2035 3444 sentinet.

547 3505 687 3579 Habitus
716 3498 811 3569 color
840 3516 873 3567 et
897 3499 1013 3569 onmia
1043 3489 1178 3569 svarlent
1202 3493 1447 3568 diffinitionem
1482 3497 1576 3590 hujus
1600 3485 1719 3595 speciei
1744 3522 1762 3568 a
1791 3499 1999 3570 Lecanora
2023 3479 2082 3559 lab·

609 3596 736 3673 lusca.
798 3653 803 3662 .

548 3723 665 3808 Crussa
687 3721 870 3797 tenoillinra
894 3741 927 3793 et
949 3718 1069 3792 eodem
1097 3719 1202 3796 modo
1224 3741 1413 3819 comparata
1439 3739 1475 3794 ut
1499 3727 1534 3794 in
1559 3727 1713 3796 varietate
1736 3712 1980 3818 Upl'alienli
1997 3719 2084 3790 Lete

608 3851 747 3904 norae
774 3824 982 3920 parellae,
1008 3817 1073 3893 serl'
1092 3829 1169 3896 lrine
1191 3823 1286 3911 inde,
1313 3829 1357 3894 uti
1382 3829 1481 3895 eiiam
1508 3825 1640 3906 inilia,
1667 3825 1805 3922 granula
1835 3815 2082 3896 occurrentia

608 3954 693 4030 quae
715 3929 966 4022 apotheciorum
990 3928 1081 3994 iniria
1109 3922 1193 4000 sunt.
1245 3920 1560 4021 Apotheciarrall'a.
1617 3924 1730 3998 Discus
1754 3931 1871 4026 potine
1896 3909 2084 3998 eooearinltu·

608 4032 658 4106 lua
686 4053 786 4126 quana
819 4025 953 4124 planus,
987 4028 1200 4120 inaequabilit
1222 4045 1255 4098 et
1276 4024 1364 4122 quali
1388 4021 1525 4122 rugosus
1547 4044 1581 4096 ut
1614 4029 1647 4097 ln
1679 4030 1899 4100 Lecanora
1926 4041 2083 4096 tartarea

607 4155 790 4230 notrrqoam
809 4151 990 4200 convexus.
1044 4127 1168 4220 Margo
1187 4123 1349 4198 thallodea
1372 4124 1518 4197 tumidae
1542 4121 1683 4211 solidor,
1709 4121 1764 4198 sad
1788 4153 1860 4202 non
1882 4123 1942 4200 nifi
1961 4131 1990 4196 in
2008 4125 2085 4217 prim

607 4235 860 4330 epotbeeiororn
890 4223 1028 4300 infantia
1053 4223 1148 4328 sopra
1170 4223 1297 4300 discum
1317 4227 1482 4316 elevatus,
1522 4253 1600 4299 nam
1627 4231 1683 4300 hie
1704 4253 1761 4326 per
1778 4251 1919 4304 aetatem
1945 4231 1984 4298 ita
2003 4219 2085 4292 lilan-

609 4353 662 4406 tur
686 4351 721 4400 nt
745 4327 815 4401 fere
837 4336 948 4404 omnir
978 4355 1097 4427 margo
1125 4327 1285 4402 thallodee
1310 4331 1488 4424 obtegatur
1516 4353 1555 4400 ae
1581 4353 1643 4427 pro
1669 4335 1814 4402 maxima
1844 4325 1900 4402 soa
1930 4347 2010 4426 parte
2034 4341 2086 4391 tvt-

610 4427 718 4508 nelcat
749 4423 803 4502 led
838 4425 896 4500 sub
927 4431 1051 4500 ambitu
1085 4433 1298 4504 membranae
1326 4427 1512 4502 dileoideae
1542 4455 1658 4528 parunt
1683 4436 1881 4528 protnineur
1909 4425 2023 4524 semper
2043 4421 2086 4490 ob

608 4531 728 4610 lernaei
757 4529 872 4626 poteil.
924 4531 1107 4630 Singularis
1135 4533 1179 4607 ell
1212 4527 1291 4606 disci
1323 4533 1420 4608 color
1445 4536 1481 4608 iu
1507 4535 1570 4606 baa
1591 4526 1699 4632 specie
1726 4537 1873 4610 onroino
1902 4533 2087 4634 hepaticus«

608 4629 701 4740 qnasi
724 4625 910 4732 pruinosas.
1005 4711 1011 4722 ‚
1742 4641 1746 4648 “

2045 4783 2089 4862 64·
