4398 5524
861 404 1073 460 naucerus.
1704 395 1780 480 123'

268 579 404 657 Sorcdia
423 583 458 652 in
475 580 632 651 omnibus
647 575 716 652 lcrc
737 575 901 678 speciebus
922 582 1017 670 hujus
1041 582 1177 650 Generis
1201 599 1399 665 occurrunt,
1431 578 1557 656 diversa
1577 581 1649 657 loca
1674 589 1708 656 in
1728 584 1777 658 la·

144 689 249 757 ciniis
270 687 462 776 occupantia
477 700 509 752 et
526 686 614 752 uarie
631 681 781 756 fortunata.
843 678 940 779 Apud
962 685 1093 753 unicam
1116 675 1258 780 speciem
1278 685 1376 752 ctiam
1392 682 1599 784 Cephalodia
1623 681 1774 784 subpedi-

144 787 268 857 cellata
288 780 455 854 obseruata
478 776 560 854 lunt.

265 905 397 992 Modo,
423 931 491 1005 quo
505 903 684 1002 affiguntur
700 905 893 999 Apothecia‚
912 905 951 972 ab
965 905 1118 975 Usncis
1139 922 1170 974 et
1186 904 1483 980 cornicularii
1494 932 1508 976 s
1525 903 1683 980 differunt
1700 912 1771 980 lia·

146 1007 360 1090 malinae,
395 1030 543 1078 necnon
567 1009 716 1098 margine
741 1029 857 1072 eurum
878 999 1083 1074 cralltusculo
1114 999 1207 1076 uudo
1234 1007 1442 1092 camdeno,
1475 1032 1518 1079 uc
1544 1007 1652 1080 dicam
1678 1009 1772 1108 quod

146 1109 246 1182 thalli
262 1127 393 1190 natura,
421 1106 538 1176 inillis
562 1108 758 1200 praecipue,
783 1098 905 1174 diversa
923 1101 972 1174 stt.

265 1238 401 1307 Numen
416 1233 552 1300 Generis
567 1255 585 1298 a
603 1231 657 1298 Ra
668 1225 775 1298 male
794 1243 991 1311 mutuatum,
1007 1228 1051 1296 ob
1064 1223 1313 1300 fimilitudinem
1331 1230 1422 1303 thalli
1436 1257 1511 1302 curn
1527 1231 1660 1304 ramulis
1676 1231 1776 1310 siccis.

266 1355 317 1430 Ad
335 1361 398 1428 huc
411 1356 521 1428 Genus
534 1349 741 1425 referendae:
768 1354 987 1422 Panareurnu
1008 1356 1136 1444 Species
1153 1357 1298 1424 Achar.
1314 1355 1421 1430 Meth.
1437 1357 1528 1431 Lich.
1556 1391 1596 1410 -
1621 1361 1773 1430 Panare·

137 1481 277 1633 ppaggn
291 1461 482 1630 Lplpppraa
504 1459 597 1552 Spec.
615 1447 781 1527 Hollm.
807 1483 850 1502 -
884 1455 1200 1524 Coanrcutnrtraa
1225 1457 1319 1552 Spec.
1338 1458 1508 1536 Sclrreb.
1525 1454 1659 1533 Subdiu.
1678 1461 1769 1533 Licb.

628 1731 930 1832 Explicatio
982 1736 1301 1833 Figuratum.

842 1883 1081 1957 Talell.

146 2042 216 2116 Εἰς.
241 2046 272 2111 5,
315 2024 909 2184 Βαηῖιῗξὲιξῗὲιέεξτὲἰεὲζεροῑὴεοίυιιι
933 2051 999 2091 cum
1021 2044 1102 2112 parte
1131 2027 1239 2104 thalli,
1272 2031 1310 2094 ad
1334 2026 1580 2116 perpendiculum
1611 2028 1773 2105 resectum,

360 2213 387 2254 a.
410 2191 568 2270 Apothccii
584 2207 648 2266 pars
668 2187 767 2326 supina
788 2187 935 2250 discoidca
957 2187 1148 2270 planiuscula'.

363 2273 432 2334 bb.
455 2270 588 2330 Ambitus
608 2271 669 2341 ejus
686 2286 815 2328 ceratus
834 2273 993 2348 marginem
1012 2277 1090 2353 quali
1112 2271 1281 2334 efformans.

361 2375 385 2416 c.
408 2347 588 2413 Pudiccllum
610 2347 736 2410 centrale
751 2371 767 2409 a
785 2349 876 2410 thalla
894 2349 937 2436 (d)
959 2351 1116 2419 elevatum.

150 2471 215 2548 pepp·
239 2465 270 2531 A,
311 2467 346 2525 Α,
370 2454 566 2518 Rauralr'nae
590 2445 793 2536 [cupidorum
820 2457 1011 2537 apotheciurn
1045 2455 1278 2539 podiccllatum‚
1313 2477 1378 2518 cunr
1403 2471 1487 2540 parte
1516 2456 1619 2532 thalli,
1653 2461 1769 2538 junius,

388 2537 516 2598 seciiouc
534 2531 763 2614 perpendiculari
780 2535 937 2598 secuudum
953 2537 1167 2613 longitudinem
1187 2535 1294 2600 ramtrli
1309 2541 1357 2599 cui
1368 2541 1515 2618 affigitur,
1535 2561 1573 2600 m.
1588 2559 1617 2607 a.

360 2619 417 2681 ab
437 2639 452 2678 c
471 2615 500 2674 d.
523 2617 567 2675 uti
590 2615 644 2674 trae
667 2631 762 2694 partes
784 2620 814 2676 in
833 2620 919 2694 lips.
945 2620 1106 2698 explicatae
1128 2618 1200 2680 sunt.

315 2707 339 2772 ΙΒ
374 2699 568 2784 Apothccium
585 2694 715 2769 ejsudem
740 2699 874 2760 lichenis
894 2703 1039 2761 vetullum
1055 2698 1210 2762 dilatatum
1227 2720 1407 2774 convexum,
1428 2699 1534 2763 eodem
1549 2700 1641 2763 modo
1654 2721 1769 2787 reprae-

361 2782 502 2842 sentatum
524 2789 556 2838 ut
580 2780 609 2836 in
637 2779 726 2854 Apu.
743 2783 776 2837 A.
1829 2775 1832 2792 ’

359 2881 374 2920 a
394 2881 412 2919 a
445 2860 577 2934 Ambitus
591 2861 620 2917 in
638 2861 691 2916 boc
707 2859 779 2918 llatu
797 2859 934 2924 reflexus.

319 2947 353 3004 C.
378 2946 444 3002 Pars
462 2939 607 3032 apotlrccii
623 2940 707 3013 hujus
723 2939 856 2998 biclreuis
881 2961 974 3022 prope
994 2942 1138 3004 asabitum
1156 2941 1441 3026 perpendiculariter
1462 2939 1596 3019 diisecli,
1626 2942 1679 3004 sub
1700 2963 1769 3022 aug·

363 3036 463 3082 mento
479 3039 617 3080 nraxrmo.

361 3121 420 3162 aa.
447 3089 608 3160 Substantia
621 3098 770 3162 corticalis
792 3097 897 3168 thalli.
916 3099 999 3180 supra
1023 3095 1068 3184 (b)
1087 3103 1140 3163 ubi
1159 3104 1349 3184 apothecinru
1368 3099 1509 3171 obducit,
1538 3103 1665 3163 craffior.
1706 3103 1771 3170 Cfr.

402 3180 482 3240 Tab.
502 3193 542 3250 13.
568 3181 655 3256 Fig.1
686 3185 720 3246 C.
737 3202 764 3244 a.
784 3191 851 3241 cnut
865 3181 1073 3261 explicatione.

364 3283 389 3322 c.
413 3261 572 3321 Subttautia
589 3257 672 3319 thalli
694 3259 865 3324 medullaris
886 3263 1077 3344 apothecium
1100 3265 1178 3324 intus
1196 3259 1310 3344 replens
1329 3273 1358 3322 et
1377 3257 1505 3320 dudlulis
1524 3261 1668 3322 istricatis
1691 3283 1771 3327 cous·

401 3339 581 3422 paciioribus
599 3343 769 3422 compotita.

151 3457 217 3533 pig.
241 3463 273 3530 7.
318 3450 351 3511 tt.
373 3439 598 3540 Ce'pbalodiauin
618 3441 730 3504 laciniis
740 3445 947 3584 ¹liarrralirrau
957 3443 1140 3526 fraxineae
1157 3465 1219 3506 var.
1243 3442 1464 3514 tuberculata,
1494 3447 1694 3520 magnitudine
1709 3471 1773 3513 out·

390 3546 471 3584 urum
492 3539 618 3601 partuum
637 3541 737 3584 nattrra
752 3547 772 3584 s.

323 3611 354 3670 B.
375 3603 437 3686 Ipsa
461 3606 530 3662 hacc
554 3605 734 3684 cephaludia
753 3603 789 3664 ad
812 3604 1053 3685 perpendiculum
1077 3605 1199 3679 resecta,
1231 3589 1417 3666 substantians
1434 3589 1722 3671 eorumcorticalem
1743 3624 1773 3672 et

364 3681 556 3747 medullarem
571 3683 810 3762 subgclatirsosam
827 3685 981 3746 fimilarern
999 3685 1152 3746 offerentia
1185 3709 1224 3746 nr.
1241 3708 1269 3754 a.

359 3789 384 3830 a.
410 3762 624 3846 Cephalodium
642 3769 739 3838 junius
753 3764 836 3844 supra
854 3764 1069 3846 planiusculuru
1089 3771 1120 3827 iu
1136 3769 1249 3829 ambitu
1268 3765 1454 3828 iucrall'atum
1470 3763 1731 3843 submergiuetum.

361 3849 393 3911 b.
416 3845 572 3922 Quoddaru
585 3843 714 3906 adultius
730 3843 947 3921 subglobosum.

363 3948 423 3992 c.c.
445 3929 518 3988 batis
538 3927 643 3986 lsoruru
660 3924 902 4006 cephaludiornm
918 3930 1083 3999 coarctata,
1105 3926 1183 3988 trude
1199 3932 1277 4010 quafi
1295 3923 1473 4010 podiccllata
1489 3939 1643 4008 apparent.

154 4047 220 4122 fig.
244 4048 275 4109 8.
297 4053 327 4118 9.
349 4051 388 4100 10
410 4043 440 4090 ct
465 4045 512 4094 rt.
539 4027 659 4090 Soredia
678 4030 773 4090 forma
796 4045 823 4089 et
840 4033 892 4090 satu
913 4036 1060 4093 variantia
1075 4036 1105 4092 in
1127 4036 1217 4092 variis
1240 4035 1325 4105 hujus
1345 4033 1465 4092 Generis
1484 4029 1641 4109 speciebus.
1664 4058 1704 4076 -
1725 4031 1770 4094 ΕΙ.

395 4111 496 4192 liptica
516 4127 544 4169 ct
564 4132 580 4170 a
605 4107 698 4169 thallo
715 4109 927 4188 sttbmargiuata
952 4129 1108 4172 occurrunt
1131 4113 1211 4191 (fig.
1229 4112 1275 4192 A.)
1291 4116 1321 4170 in
1335 4109 1511 4170 Iianralr'ua
1529 4108 1711 4190 farinacea.
1732 4147 1773 4160 -

396 4189 558 4258 lateralia,
580 4189 758 4251 subrotunda
775 4189 848 4270 (fig.
867 4189 908 4275 p.)
929 4196 958 4250 iu
975 4194 1153 4252 Rarrmlr'na
1172 4193 1391 4268 complanata.
1415 4217 1454 4232 -·-
1496 4187 1631 4272 Capitula
1647 4190 1775 4255 formant

394 4269 555 4331 tcruiuulia
578 4270 648 4348 (fig
677 4272 742 4351 10.)
756 4276 785 4331 iu
812 4271 1008 4331 llomnlr'uae
1025 4271 1259 4350 polymorprlrae
1279 4289 1344 4332 vat.
1365 4269 1527 4348 capitata.
1556 4303 1595 4318 -
1637 4277 1670 4334 In
1689 4282 1773 4355 apice

394 4351 567 4414 latiniacum
582 4351 675 4416 locata
693 4345 768 4433 (Εἰς.
786 4349 847 4438 11.)
868 4349 946 4435 apud
960 4351 1169 4412 ffluralinara
1188 4351 1351 4416 linearem.

661 4533 1329 4566 mm·-

1122 4687 1204 4763 Μ
