4338 5534
433 455 515 530 230¹
1065 407 1071 417 ’
1121 433 1360 508 ennornorn.

541 627 635 707 disco
656 629 793 704 demum
816 625 1097 730 contortupsicatic
1118 633 1325 706 extuberante
1345 625 1524 730 proedittn'r
1543 627 1704 720 affirmat,
1733 628 1786 706 sed
1802 633 2000 731 magnitudo
2015 641 2055 711 in

543 735 613 829 eiua
628 737 771 806 Lichenc
784 727 929 828 ‘insignit
941 752 983 804 ‘et
998 730 1250 830 amplitudinem
1269 730 1419 830 pedasetn
1436 727 1613 831 assequens.
1666 735 1814 820 Unicum
1832 755 1958 810 tautum
1973 743 2058 832 Spe·

547 841 657 906 cinaeo
681 836 712 904 G
721 837 968 930 yrophorae
998 834 1163 906 vellere
1186 859 1204 904 e
1227 835 1399 930 Lapponia
1426 830 1493 902 vidi
1516 827 1697 907 secundum
1722 831 1813 933 quod
1841 831 1956 932 sperici
1980 842 2057 910 cba-

544 937 704 1010 rasserern
720 929 795 1004 dedi
812 954 843 1006 et
863 935 1050 1030 aGyropb.
1072 928 1274 1030 spadochrou
1293 933 1444 1020 distinxi,
1472 925 1527 1002 sed
1550 928 1636 1006 sorte
1652 943 1750 1005 etiarn
1773 935 1829 1006 itta
1844 937 1886 1006 ira
1904 942 2003 1010 variar
2019 955 2056 1008 ut

540 1039 582 1110 ab
596 1032 808 1110 Umbilicatia
827 1033 929 1107 vellen
943 1037 1125 1112 Michauxii
1143 1038 1197 1106 uix
1213 1027 1343 1104 differat
1362 1049 1394 1102 et
1411 1035 1445 1102 iu
1461 1036 1527 1103 hoo
1544 1029 1617 1104 casu
1636 1039 1736 1106 etiam
1754 1037 1945 1133 Gyropb,
1968 1031 1989 1108 s
1990 1063 2012 1134 p
2022 1063 2056 1107 a·

545 1137 740 1212 dochroe
757 1132 867 1208 uoiira
886 1154 921 1206 ut
943 1139 1078 1208 varietas
1096 1137 1379 1230 Gytophorre
1401 1131 1562 1203 velleae
1581 1128 1752 1208 censenda.

457 1284 499 1373 β.
526 1291 570 1362 G.
588 1284 744 1382 depreffir:
778 1281 880 1356 tiraslo
910 1278 1012 1354 crasso
1041 1279 1151 1380 rigido
1179 1281 1356 1363 albicante,
1383 1274 1488 1350 subtus
1512 1279 1634 1377 pallide
1655 1282 1707 1355 ves
1732 1288 1833 1380 nigro
1854 1278 2054 1359 suscescente
2166 1223 2167 1260 r

506 1381 691 1505 fibrilbos03
725 1386 904 1554 apothecis
925 1375 1198 1482 deprcffiuscusir‚
1232 1375 1322 1452 disco
1347 1379 1504 1478 papillam
1526 1377 1664 1456 demum
1689 1379 1867 1459 verrucoso
1888 1406 2052 1468 convexa,

442 1581 446 1588 ,
507 1510 658 1586 margine
679 1510 732 1555 cre
760 1473 938 1580 orugos.

479 1611 694 1690 Umbilicaria
715 1600 871 1706 depressa.
904 1605 1034 1679 setrid.
1050 1603 1221 1678 Secundum
1237 1603 1394 1700 Spectmen
1410 1602 1540 1700 nriffom.

480 1741 616 1816 Habitat
632 1730 673 1806 ad
689 1755 785 1830 rupee
806 1723 973 1816 bosniae,
998 1732 1123 1830 Moſsg‚
1149 1725 1328 1826 Hispaniae
1351 1732 1517 1830 Lagasco,
1542 1729 1711 1803 Helvetiae
1725 1731 1902 1810 Scbser'csrer.

481 1861 884 1953 suterGyropboram
907 1852 1092 1926 relicum
1115 1848 1538 1972 ethpedoebroarn
1559 1856 1711 1952 ambigit,
1736 1849 1791 1927 sed
1811 1854 1954 1932 adhunc
1976 1883 2053 1956 pro·
2096 1857 2113 1888 ’

397 2139 409 2158 ,
540 1954 778 2136 issisti
797 1947 1193 2137 {tristitiis
1206 1951 1548 2144 &sistatis
1566 1957 1819 2153 nibisis?
1832 1953 2052 2153 sstssb}

539 2160 817 2256 colore-paginae
839 2150 1015 2252 superioria
1040 2159 1145 2253 magis
1165 2153 1262 2235 elbo,
1294 2173 1405 2226 tamen
1429 2161 1464 2227 io
1483 2159 1687 2227 cinerereum
1710 2153 1848 2228 demum
1874 2181 2052 2255 uergente,

439 2271 445 2280 '
537 2282 636 2361 atque
653 2260 768 2336 colore
789 2253 897 2327 subtua
917 2263 984 2348 jem
1004 2249 1262 2329 cinereo-fusco
1283 2261 1348 2345 tarn
1370 2249 1687 2354 fusco-nigricante.
1732 2261 1835 2330 'Curn
1860 2261 2053 2360 Gyropb.
2167 2267 2168 2290 ¹

542 2362 679 2446 resset
698 2357 902 2457 aliquantum
920 2361 1077 2428 convenit
1090 2354 1205 2428 colore
1220 2372 1252 2427 et
1267 2353 1356 2428 fibris
1371 2362 1512 2454 paginae
1528 2350 1663 2428 aversae.
1710 2361 1739 2428 A
1757 2360 1818 2449 Gy
1829 2381 1873 2430 ro
1883 2362 1945 2458 pb.
1966 2357 2009 2458 sp
2017 2389 2053 2434 a.

542 2463 733 2538 docbroa
759 2463 793 2530 io
827 2460 942 2554 primia
970 2453 1091 2528 recedit
1117 2455 1233 2530 colore
1260 2456 1399 2552 paginae
1421 2449 1597 2554 superioria
1623 2474 1655 2534 ct
1685 2451 1840 2541 eversae,
1878 2463 2051 2558 apothecir

541 2579 652 2636 autern
671 2563 716 2631 uti
737 2564 771 2630 in
796 2559 857 2630 hec
881 2554 1034 2655 papissata
1060 2575 1091 2627 et
1108 2551 1306 2628 tuberculata
1332 2581 1391 2654 per
1413 2577 1549 2629 aetatem
1572 2577 1721 2630 convexa
1745 2576 1777 2629 at
1799 2581 1870 2630 non
1893 2562 2054 2660 regulari·

539 2683 591 2836 per
615 2661 807 2833 ps'ms'-
836 2682 899 2756 qua
923 2676 1003 2731 uota
1039 2651 1106 2757 ipsa
1139 2657 1396 2757 Gyrophora
1423 2653 1697 2762 Spadocbroe
1724 2661 1851 2758 optime
1876 2661 1916 2732 ab
1941 2660 2054 2738 affini.

564 2788 599 2836 m
649 2781 729 2858 rgno
745 2776 839 2831 crtur.
1734 2809 1737 2818 .

433 2953 819 3048 :nutritoe-Hono
848 2953 1030 3034 hirsuta.
1056 2982 1096 3036 er.

482 3094 523 3164 G.
541 3085 646 3162 thasio
665 3083 810 3159 elevato·
820 3085 977 3182 pondero
1000 3077 1211 3156 molliuscuso
1234 3073 1616 3162 albo-subcinerbscente
1637 3084 1673 3156 in
1690 3084 1814 3156 ambitu
1832 3081 1957 3158 reflexo
1974 3079 2052 3160 sub·

533 3209 584 3262 tua
594 3179 718 3260 hirsuto
732 3177 1110 3273 cinereo-suscescente;
1135 3186 1315 3281 apotheriir
1328 3181 1464 3282 deinum
1480 3179 1741 3283 hemisphaericit
1754 3179 1901 3282 gyroso·
1909 3183 2051 3286 plicatis.

478 3315 682 3410 Gytophora
701 3304 833 3383 hirsute.
860 3311 978 3384 Actor.
996 3311 1099 3382 Mers.
1114 3311 1202 3383 Licin.
1222 3335 1258 3404 p.
1269 3333 1327 3400 109.
1351 3309 1481 3406 (exciufi
1498 3310 1613 3406 Spnott.
1633 3309 1796 3398 Wrter.)

476 3440 603 3516 Licben
620 3429 771 3508 hirsutut.
798 3432 916 3508 Arbor.
938 3435 1126 3532 Lirienogr.
1142 3433 1224 3506 Soet.
1241 3435 1364 3509 Prode.
1382 3460 1419 3530 p.
1432 3455 1488 3522 ¹5⁰·

477 3568 525 3641 1c.
550 3559 629 3640 Act.
643 3565 676 3631 in
692 3562 778 3632 Neo.
794 3559 870 3631 Att.
890 3556 995 3636 Acar.
1009 3561 1121 3631 Sciret.
1140 3558 1260 3633 Storssr.
1290 3557 1339 3634 V.
1352 3579 1392 3647 15.
1418 3561 1497 3648 T.3.
1513 3559 1584 3651 f.r.

476 3683 619 3764 Habitat
637 3679 678 3754 ad
701 3679 824 3779 lapides
845 3701 877 3756 ct
899 3701 1031 3756 montet
1057 3685 1199 3754 Sveciae.

344 3845 349 3857 ¹
477 3813 600 3910 Pagina
624 3799 772 3903 superior
795 3805 886 3879 thalli
910 3800 1103 3882 saeuiuscula
1129 3825 1160 3878 et
1181 3800 1273 3904 quast
1294 3802 1541 3901 pulverulenta,
1575 3802 1697 3880 sed‘ed
1724 3807 1859 3880 oculum
1882 3829 2049 3884 tunctune

534 3908 667 4011 puosiir
684 3905 813 3980 elevetis
833 3925 865 3982 et
884 3905 1007 4003 rugolir
1028 3910 1162 3981 minutii
1182 3903 1273 3978 tesia
1287 3925 1430 4002 apparet.
1490 3911 1600 3980 variat
1619 3906 1734 3980 colore
1755 3905 1906 3982 albidiori
1922 3930 1954 3981 et
1971 3907 2050 4008 plue

539 4014 650 4084 minua
666 4003 799 4080 sordide
812 4027 844 4079 et
858 4003 996 4080 obscure
1012 3998 1239 4078 cinenscenre.
1301 4005 1418 4078 Subtut
1443 4005 1570 4082 fibrislia
1593 4003 1698 4080 densis
1714 4005 1851 4080 remobe
1873 4009 1955 4084 reor
1975 4003 2049 4082 sor-

539 4107 617 4182 dide
635 4101 978 4180 cinereo-fuscesceoa
1001 4105 1052 4178 vel
1076 4131 1193 4203 parurn
1215 4095 1386 4178 obscurior
1409 4111 1583 4205 nigricans.
1634 4113 1813 4204 Apothecia
1833 4135 1909 4182 raro
1928 4133 2051 4184 occur·

537 4228 617 4284 runt
645 4227 677 4280 et
695 4203 875 4382 parpilffime
897 4200 1001 4306 sparsa
1023 4200 1152 4306 semper
1170 4203 1241 4282 sere
1262 4204 1516 4308 hemisphaerica
1539 4204 1766 4307 gyrofissrma,
1801 4215 1892 4283 utin
1917 4213 1947 4283 G
1954 4235 2049 4303 yro·

539 4311 674 4409 phora
699 4334 747 4408 pe
797 4312 861 4384 ita.

479 4440 509 4510 Δ
535 4435 794 4530 Gyrophora
814 4431 951 4508 vellen
979 4451 1012 4505 et
1038 4433 1227 4529 Gyropb.
1245 4370 1517 4530 'spadocbro'a
1540 4428 1712 4508 subssantia
1731 4431 1880 4508 molliori
1896 4430 2050 4516 flexibili.
2096 4437 2107 4454 '

540 4531 630 4607 rhesii
654 4533 779 4611 ambitu
797 4530 867 4610 sere
884 4529 1013 4633 semper
1034 4531 1188 4606 revoluto
1213 4553 1245 4632 et
1259 4538 1523 4637 ‘apotheciorum
1543 4533 1659 4611 indole
1679 4527 1806 4609 diversa
1829 4539 1975 4612 omniuo
1995 4533 2050 4606 di·

533 4633 653 4710 'tium
674 4627 817 4733 specim..
1929 4737 2055 4812 Minor
