4466 5536
1135 933 1430 1012 onnusu

936 1145 1629 1242 LECIDEA.

1122 1387 1444 1422 ⁸¹¹*-

983 1567 1264 1642 Cberadler
1314 1569 1593 1646 Naturalis.

476 1719 732 1796 drorrr'rcrunr
751 1713 973 1790 orbiculatum
997 1721 1220 1813 marginatum
1247 1717 1564 1815 plano-convexum
1583 1713 1702 1800 sessile,
1728 1713 1819 1792 disco
1839 1747 1858 1793 e
1876 1727 2028 1819 margine
2046 1719 2101 1794 cli·

589 1821 708 1894 ssinoo
729 1818 909 1916 aequebili‚
940 1835 1048 1888 tntum
1071 1824 1250 1892 membrana
1271 1818 1480 1918 cartilaginea
1505 1821 1653 1894 colorata
1679 1819 1824 1911 tedium3
1853 1827 2104 1922 permslyrnnre

549 2015 552 2023 Ι
586 1914 835 2020 subgelatinolo
856 1913 1002 1990 limileri.

590 2047 734 2144 Gongyli
748 2035 833 2114 intra
852 2035 1058 2115 subllautiam
1075 2041 1238 2137 apothecii
1257 2035 1441 2116 nidulantes
1455 2037 1549 2120 nudi.

473 2172 659 2246 Tutunus
674 2169 874 2250 crullsceus,
904 2183 1060 2238 tartareus
1079 2163 1129 2236 vel
1149 2159 1317 2262 leprosus,
1347 2161 1469 2239 effusus
1487 2165 1541 2240 vel
1556 2161 1790 2240 determinatus
1812 2163 2011 2260 uniformia,
2043 2189 2102 2242 eut

586 2269 798 2371 effiguratus,
822 2291 899 2341 raro
916 2262 1134 2339 subsoliaceus
1151 2285 1183 2336 es
1201 2263 1365 2364 lluppeos.

1078 2595 1498 2678 Observationes.

469 2739 636 2936 Ferme
655 2757 801 2856 genuine
823 2751 1075 2849 apotheciorum
1098 2757 1132 2824 in
1153 2755 1219 2824 boc
1234 2756 1363 2826 Genera
1379 2755 1491 2826 exadle
1512 2751 1764 2842 circularem,
1794 2749 1848 2828 sed
1867 2782 1936 2830 nnn
1954 2783 2031 2834 raro
2051 2763 2098 2836 ob

576 2884 695 2934 eorum
717 2853 934 2952 frequentiam
957 2873 988 2924 et
1017 2849 1092 2924 inde
1118 2870 1227 2924 ortam
1252 2875 1402 2926 mutuam
1428 2849 1645 2948 melitonem,
1678 2863 1901 2956 temporisque
1927 2863 2098 2936 interdum

474 2957 633 3050 decursu,
659 2956 753 3053 laepe
769 2971 930 3040 mutatur,
956 2949 1044 3024 unde
1059 2947 1218 3050 angulose
1232 2951 1433 3026 confluentia
1452 2949 1599 3026 flexuosa
1612 2979 1650 3026 ac
1669 2957 1919 3052 conglomerata
1938 2960 2094 3036 eradunt.

475 3077 514 3144 ln
533 3057 728 3164 quibusdam
743 3051 907 3152 speciebus
919 3059 1019 3126 etiem
1033 3050 1112 3126 inde
1123 3055 1164 3125 ab
1180 3050 1317 3128 infautia
1332 3049 1402 3126 sere
1419 3049 1588 3128 difformis
1609 3050 1841 3144 observantur,
1867 3081 1904 3130 ut
1927 3066 1960 3132 in
1984 3067 2096 3137 Leci·

474 3168 549 3242 des
569 3155 830 3262 pentolliila.
881 3157 1023 3228 Exteme
1042 3160 1076 3226 in
1093 3151 1307 3229 Lecidcarum
1328 3161 1506 3254 apotheciis
1529 3160 1680 3252 inprimis
1705 3155 1933 3230 consrderandi
1956 3169 2096 3238 veniunt

475 3275 600 3346 herum
615 3255 720 3334 discus
740 3277 772 3330 et
786 3279 915 3354 margo.
978 3255 1036 3328 llle
1057 3255 1172 3354 planus
1195 3257 1249 3329 vel
1270 3274 1372 3326 netate
1390 3279 1574 3340 convexus,
1598 3258 1652 3326 bic
1665 3255 1851 3331 constanter
1864 3251 1955 3332 disco
1968 3287 2094 3338 conco·
2222 3269 2223 3306 l

475 3372 531 3446 lor
551 3387 583 3440 et
604 3365 777 3462 proprius,
801 3362 834 3429 lr.
852 3382 883 3428 e.
904 3360 1046 3428 minime
1066 3367 1085 3427 e‘
1106 3357 1210 3428 rballo
1232 3353 1394 3428 sormatus
1407 3407 1418 3444 ,
1450 3348 1505 3424 sed
1532 3355 1605 3454 plns
1631 3359 1739 3428 minus
1763 3357 1898 3432 evidens
1918 3381 1950 3434 et
1976 3361 2095 3437 crall'us

476 3469 634 3570 regularis
650 3464 703 3534 nel
720 3453 885 3534 llexuosus
901 3477 936 3530 et
952 3461 1043 3528 vario
1063 3455 1169 3528 rnodo
1184 3451 1369 3530 sublebetur
1384 3476 1599 3556 crenatusque
1616 3461 1776 3544 occurrit,
1807 3487 1865 3556 per
1881 3481 2018 3534 ertatem
2037 3465 2095 3537 ali.

475 3565 610 3672 quando
626 3559 715 3664 quafi
732 3553 936 3632 evanescens.
989 3559 1156 3630 Strudlura
1171 3561 1424 3657 apotheciorum
1441 3563 1568 3630 iuterna
1583 3561 1682 3630 etiem
1699 3565 1800 3630 variat
1813 3582 1869 3631 aut
1886 3581 1954 3633 tora
1972 3566 2097 3640 ltomo.

474 3694 579 3846 genet
598 3685 629 3736 et
648 3659 794 3758 ejusdem
810 3683 892 3734 cum
908 3653 999 3730 disco
1017 3677 1049 3729 et
1062 3663 1213 3754 margine
1228 3657 1352 3731 coloris
1374 3657 1425 3729 vel
1446 3661 1511 3730 hoc
1525 3653 1670 3756 respedlu
1692 3685 1807 3757 parunt
1827 3657 2003 3745 differens.
2027 3687 2096 3754 aut,

489 3799 497 3844 t

501 3791 551 3844 cet
568 3771 690 3850 rarius,
712 3761 867 3860 edeplici
883 3756 972 3858 quest
995 3754 1164 3837 subllentia
1178 3755 1382 3858 composite,
1409 3783 1474 3830 una
1497 3753 1619 3831 scilicet
1642 3753 1801 3854 superiori
1826 3787 1931 3858 prope
1953 3761 2094 3856 discum,
2221 3773 2222 3810 l

473 3879 510 3948 in
529 3867 613 3944 llcco
633 3867 806 3966 apothecio
824 3857 971 3934 solidiori
989 3885 1124 3942 cornea.
1152 3865 1187 3934 in
1201 3859 1281 3934 llatu
1298 3855 1438 3934 humido
1455 3855 1710 3960 subgelstinosa3
1735 3861 1833 3933 altera
1855 3858 2002 3936 inferiori
2020 3863 2094 3940 sub·

476 3973 669 4072 pulseracet
682 3988 714 4038 et
729 3959 907 4062 saepissime
927 3961 1020 4034 aliter
1035 3961 1182 4034 colorata
1198 3983 1229 4035 et
1249 3983 1329 4038 atra.
1388 3963 1426 4032 ln
1452 3961 1538 4033 bisce
1560 3959 1661 4034 llratis
1682 3961 1825 4058 gongyli
1850 3959 1930 4034 nudi
1952 3987 1983 4036 et
1999 3965 2095 4042 nidu-

474 4077 578 4150 lnntes
602 4065 696 4166 spnrfi
713 4066 906 4164 congregari
925 4057 1154 4148 observantem
1180 4083 1316 4166 utraque
1331 4084 1441 4136 autem
1461 4061 1551 4134 llrata
1570 4059 1664 4134 stmul
1688 4059 1790 4135 sumta
1814 4062 1972 4135 laminam
1990 4071 2095 4164 proli.

475 4199 589 4272 geram
603 4175 638 4242 in
653 4173 741 4242 bisce
758 4164 919 4262 speciebus
941 4163 1107 4266 duplicem
1126 4159 1316 4240 efformant.
1378 4169 1478 4238 Forte
1497 4164 1614 4262 aliquis
1638 4170 1672 4234 in
1695 4167 1756 4236 lsac
1781 4163 1935 4236 nruoun
1961 4173 2097 4260 aporire.

472 4283 607 4349 ciorum
628 4275 753 4342 interna
770 4263 991 4370 discrepante,
1018 4269 1237 4340 cbaradlerem
1257 4291 1320 4367 pro
1341 4263 1501 4341 dissinc‘lis
1524 4267 1704 4338 Generibus
1727 4261 1913 4362 formandis
1932 4261 2094 4344 sufficien.
2220 4333 2221 4336 ,

474 4399 540 4450 tcrn
559 4369 702 4454 videret,
725 4387 757 4440 st
774 4364 845 4440 seris
863 4367 969 4439 levem
984 4386 1016 4437 et
1031 4372 1256 4460 incongruum
1271 4391 1338 4464 ego
1355 4369 1487 4448 inveni,
1512 4389 1615 4462 quum
1635 4367 1709 4438 talin
1723 4365 1873 4462 exempla
1886 4371 1986 4439 esiam
2004 4372 2094 4466 apud
2220 4398 2221 4435 s

472 4480 538 4550 alia
556 4477 687 4546 Genera
713 4491 783 4542 non
804 4464 919 4538 deserit.
978 4470 1089 4550 Quare
1106 4467 1151 4538 ad
1176 4469 1324 4538 habitum
1345 4487 1379 4536 et
1395 4459 1543 4536 sormam
1562 4461 1708 4560 respectu
1721 4465 1855 4558 habito,
1886 4493 2005 4568 paones
2021 4471 2093 4548 illes

469 4581 578 4658 bucce
591 4565 698 4646 modo
716 4569 877 4642 variantes
892 4559 1015 4666 speeies
1028 4563 1072 4638 ad
1088 4591 1196 4640 unum
1210 4561 1366 4666 idemque
1381 4567 1492 4640 Genus
1508 4563 1615 4640 retuli.

1968 4673 2095 4751 Canen.
