4398 5524
812 393 1075 492 prouocantes
1155 379 1167 400 ’
1705 428 1754 504 ¹75·

231 598 400 696 Marginir
416 591 571 670 thallodia
592 599 658 668 veri
681 590 736 668 seu
760 591 858 689 spurii
875 595 1053 694 praesentia
1080 603 1115 668 in
1136 603 1230 670 omui
1248 599 1536 676 Urceolariae
1553 599 1676 702 specie,
1703 617 1751 683 uti

119 701 226 770 etiam
243 707 504 794 parenchymate
526 699 669 768 laminae
686 694 868 769 celluloso·
882 699 992 771 llriato
1011 725 1049 770 ac
1071 693 1337 773 subvellcultfero
1362 727 1444 774 mox
1466 724 1498 776 et
1520 727 1611 780 certo
1637 709 1748 784 dillin-

113 821 265 899 guantur
285 800 570 872 Urceolariae
599 824 616 868 a
645 798 873 890 Gyalediis.
1005 799 1011 806 ’

234 1003 325 1072 Com
347 1000 572 1070 Lecauoria
598 1023 755 1094 magnam
775 997 894 1068 habeut
917 995 1197 1070 Urceolariae
1215 996 1428 1091 affinitatem,
1463 1011 1638 1105 praecipue
1666 1035 1748 1084 veru

119 1123 180 1172 eae
198 1093 337 1198 species,
363 1123 503 1195 quarum
524 1103 659 1169 Lamina
680 1103 789 1169 mitius
805 1124 968 1183 concava,
993 1098 1044 1170 vel
1062 1125 1119 1194 per
1139 1119 1275 1170 aetatem
1300 1100 1422 1174 elevata
1441 1105 1641 1202 planiuscula
1662 1107 1757 1184 sacia

121 1201 183 1288 eil,
216 1199 376 1298 nulloque
397 1202 522 1270 ambitu
549 1199 599 1268 vel
626 1201 780 1293 margine
804 1203 942 1295 proprio
965 1197 1096 1270 elevato
1126 1197 1312 1287 inllruitor3
1343 1197 1398 1273 secl
1424 1211 1522 1277 etiam
1544 1209 1666 1282 lamina
1691 1213 1748 1286 issa

120 1303 247 1371 elevata
267 1320 297 1370 et
315 1294 511 1395 planiuscula
533 1293 659 1396 semper
680 1319 746 1368 tota
767 1299 870 1369 thallo
896 1293 1050 1368 immersa
1074 1298 1118 1370 eli
1144 1318 1176 1368 et
1197 1297 1236 1369 ad
1262 1299 1398 1373 oculum
1418 1326 1582 1380 armatum
1602 1309 1746 1406 plerum·

120 1405 242 1494 quein
266 1399 421 1472 hocslatu
438 1405 589 1491 margine
609 1396 755 1497 quodam
774 1406 861 1470 tenui
890 1403 1028 1494 proprio
1057 1403 1091 1472 in
1121 1401 1245 1472 ambitu
1274 1401 1418 1499 praedita
1442 1402 1650 1498 observatum
1686 1439 1748 1486 nec

124 1497 230 1572 subtua
257 1504 290 1570 iu
315 1500 438 1569 ambitu
465 1525 623 1596 umquam
648 1501 748 1572 libera
777 1498 921 1568 evadunt
941 1498 1224 1570 Urceolariae
1243 1506 1432 1596 apothecis,
1469 1526 1504 1576 ut
1523 1507 1608 1605 apud
1628 1514 1745 1584 Leca.

125 1605 279 1686 norae,
304 1626 445 1694 quarum
469 1607 639 1696 apotltecia
663 1601 800 1673 attntto
826 1595 897 1696 ipso
922 1593 1095 1671 efformata
1112 1595 1169 1669 sub
1182 1595 1247 1694 ipsa
1270 1603 1392 1673 lamina
1412 1611 1666 1697 continuantur,
1692 1639 1747 1685 ue·

129 1725 188 1802 que
206 1727 381 1781 verrucae,
407 1727 568 1774 nonraro
596 1707 628 1774 in
646 1699 748 1774 rhallo
774 1699 1124 1774 Urceolariaruru
1154 1723 1382 1789 occurrentes,
1408 1705 1746 1803 apothecialerentea,

129 1829 184 1904 pro
199 1800 274 1902 ipl'rr
295 1804 476 1898 apotheciir
489 1805 597 1876 haberi
613 1797 752 1900 poliunt.
807 1804 944 1872 Lamina
964 1795 1129 1873 discoidea
1153 1807 1186 1872 in
1203 1803 1374 1875 Lecano
1386 1810 1442 1875 ria
1461 1806 1656 1908 plerumque
1680 1813 1744 1884 ele.

127 1925 217 1978 ratur
235 1925 269 1976 et
284 1928 434 1975 convexa
450 1903 574 1991 eradit3
602 1929 670 1976 non
687 1925 727 1974 tta
748 1907 781 1974 in
798 1902 1081 1974 Urceolariis.
1136 1905 1174 1970 In
1198 1926 1338 1998 genere,
1364 1907 1651 1983 Urceolariae
1667 1940 1745 2011 apo-

128 2011 260 2080 tlteciaa
277 2005 382 2078 thallo
399 2010 532 2102 proprie
545 2031 614 2076 nou
634 2000 707 2076 sont
723 2001 884 2085 formata,
918 1998 970 2072 sed
990 2021 1116 2071 rantum
1134 2006 1285 2098 margine
1305 2001 1569 2080 thallodecinrta
1593 2047 1631 2067 -
1656 2034 1688 2085 et
1712 2021 1748 2088 in

128 2111 297 2178 Lecaooris
319 2105 444 2177 lamina
466 2108 629 2205 proligrra
648 2100 812 2178 discoidea
828 2121 953 2202 partem
970 2106 1144 2174 minimam
1165 2127 1203 2170 ac
1227 2096 1375 2196 supinam
1399 2112 1498 2180 totius
1514 2117 1677 2206 apothecii
1695 2109 1745 2186 so·

131 2208 198 2279 lum
214 2207 389 2282 conslituit.
453 2201 551 2278 Hisce
574 2202 768 2278 differentiis
789 2207 871 2276 bene
890 2200 1054 2300 pensitatis
1072 2223 1104 2272 et
1122 2203 1229 2298 probe
1253 2200 1458 2276 observatiaa
1481 2217 1597 2305 quovia
1624 2225 1746 2288 exarui.

131 2330 238 2380 natore
259 2329 290 2382 et
322 2307 377 2380 vel
397 2313 507 2380 minut
535 2303 686 2396 adsueto,
720 2331 792 2380 non
818 2329 916 2403 aegre
938 2298 1089 2404 dignosci
1111 2296 1245 2402 possunt
1266 2305 1551 2382 Urceolariae
1574 2339 1594 2388 a
1620 2315 1746 2392 Laca-

130 2433 251 2484 uortr.

230 2611 370 2685 Nomen
389 2611 527 2682 Generis
544 2631 563 2678 a
579 2602 688 2678 forma
706 2603 967 2703 Apotlreciorum
988 2600 1153 2675 urceolata
1171 2598 1387 2702 depromtum
1404 2603 1461 2686 eli.

228 2809 296 2880 Sub
311 2809 378 2878 hoc
393 2810 523 2880 Genere
533 2800 861 2904 comprehenduntur
871 2805 1144 2874 ventremne
1160 2818 1191 2872 et
1204 2801 1472 2876 electrinas
1485 2801 1648 2904 quaedam
1665 2815 1741 2912 Spe·

134 2913 192 2984 ciet
212 2903 487 2984 Hossmanoi.

600 3183 909 3286 Explicatio
949 3139 1267 3280 Figuratum.

833 3360 933 3432 Tab.
977 3359 1045 3428 Vl.

132 3547 187 3624 lig,
208 3553 239 3614 8,
285 3547 321 3608 Α,
349 3534 559 3602 Urceolan'oe
573 3529 709 3622 Acharii
721 3530 911 3610 apothecium
930 3547 996 3588 mm
1016 3537 1099 3605 perte
1120 3521 1220 3598 thalli,
1243 3523 1402 3586 seeundum
1419 3523 1577 3589 sciliooem
1593 3535 1746 3616 perpendi.

360 3617 510 3687 cularem,
530 3609 731 3690 magnitudme
747 3613 841 3672 anea.

332 3747 361 3786 a.
382 3725 505 3786 lamina
522 3716 670 3800 proligera
685 3713 813 3777 thallos.
834 3716 946 3774 cmllae
966 3695 1124 3785 subjacenti
1139 3709 1274 3771 immersa
1291 3709 1375 3791 supra
1390 3729 1528 3776 concava.

335 3829 364 3888 b.
374 3831 405 3889 b.
426 3829 531 3902 Margo
551 3821 695 3884 thallodes
708 3842 812 3903 parurn
821 3817 952 3878 elevatur
966 3813 1091 3876 laminae
1103 3817 1247 3876 ambitum
1259 3817 1374 3891 ringens
1385 3829 1416 3874 et
1433 3833 1500 3874 cum
1517 3815 1573 3875 hor
1585 3833 1745 3884 concretus.

293 3941 327 3999 B.
348 3933 483 4008 Ejusdem
501 3928 626 3990 laminae
646 3947 711 4005 para
731 3921 857 3984 multum
873 3924 975 3988 atteia,
996 3923 1027 3978 in
1043 3923 1127 3990 cujus
1142 3920 1367 3997 parrochymate
1381 3915 1433 3998 (a)
1453 3915 1576 3979 cellulae
1598 3921 1744 3983 striaefor·

336 4035 398 4076 mer
419 4011 588 4071 exilissimac
605 4007 814 4074 observantur,
835 3999 966 4080 gongylis
988 3997 1075 4059 nudie
1093 3996 1295 4058 nidulantibua
1309 3995 1510 4078 interspersae.

334 4121 365 4182 b.
388 4117 549 4180 Substantia
563 4109 712 4174 torticalis
733 4107 830 4171 thalli.

292 4231 328 4288 c.
352 4227 492 4284 laminae
522 4217 687 4300 prottguae
726 4214 818 4277 sectio
848 4205 1058 4272 horizontaliaa
1099 4203 1255 4267 acellulia
1290 4205 1475 4265 transversim
1511 4203 1629 4268 resecis
1663 4217 1743 4292 quas,

333 4305 469 4386 punciara
490 4312 621 4380 apparet.

129 4443 188 4518 fig,
208 4455 242 4520 9,
289 4423 324 4496 A,
351 4427 560 4574 lirceolariaa
572 4423 757 4484 diamartaa
769 4420 959 4504 apothecium
975 4419 1072 4493 iunius
1085 4415 1191 4477 eodem
1207 4411 1298 4474 modo
1313 4410 1541 4494 representatum
1560 4427 1595 4477 ut
1616 4419 1646 4478 in
1661 4421 1708 4494 fig.
1719 4427 1746 4486 8.

395 4555 403 4570 .
426 4531 467 4570 ιιι.
481 4528 511 4571 ιι.

337 4639 365 4679 a.
375 4619 407 4677 b.
428 4627 461 4676 nr
474 4611 511 4673 ad
525 4613 588 4688 Fig.
601 4617 629 4678 8.
644 4613 677 4669 A.
698 4608 753 4667 hae
772 4617 868 4686 partes
885 4598 1079 4682 explicantur.
1361 4683 1364 4690 γ

1075 4707 1101 4765 L
1121 4718 1140 4768 2
1683 4719 1746 4767 ec,
