4342 5540
694 490 697 498 Ι
727 421 959 476 ,senensem
1128 441 1132 460 ·
1600 415 1674 492 317

90 595 199 675 Crulla
220 593 402 672 uniformis
419 591 622 672 crailinscula
643 593 836 672 subterrarea
853 603 1032 674 cohaerens
1052 594 1115 672 late
1130 615 1165 672 ut
1183 573 1314 674 videtur
1336 601 1508 676 in‘cortice
1527 593 1673 700 quadam

143 695 294 787 extensa,
320 696 416 799 supra
430 694 754 872 rugosofgranulata
768 700 879 776 tamen
893 700 1063 801 laevigata.
1125 705 1293 824 Verrucae
1308 709 1521 824 apothecium
1537 723 1672 824 externe

140 800 327 878 formantes
346 795 467 900 sparbe
486 825 518 874 er
534 801 567 874 dr
585 824 690 876 cretae
710 829 765 877 vra
782 827 942 906 umquam
966 825 1128 877 connarae
1143 802 1418 882 convexrusculae
1435 799 1592 903 gibbosae
1612 831 1671 878 vrx

141 900 421 1002 hemisphaericae
442 929 520 977 nam
541 898 637 1004 sopra
661 900 960 1015 plano-depressae
982 905 1117 1006 glabrae
1139 905 1248 981 nudae
1270 901 1325 980 sed
1352 905 1574 1008 inaequabiles
1602 901 1674 980 sub·
1800 949 1804 956 ·

101 1070 104 1076 .
143 1006 262 1085 llantia
283 1028 315 1080 et
333 1007 450 1080 colore
472 1003 616 1096 crustae,
651 1027 801 1106 apertura
824 1010 859 1080 in
885 1003 995 1080 suardo
1019 1006 1234 1107 depressionis
1256 1035 1355 1108 parva
1382 1003 1560 1084 orbiculari
1585 1033 1674 1082 mar·
1743 1007 1753 1020 '

141 1113 225 1209 gine
240 1105 428 1184 renuiffinro
453 1113 670 1208 integerrimo
697 1111 829 1182 ciniis..
867 1108 1088 1184 Tbalamium
1117 1113 1152 1182 in
1178 1113 1238 1186 bac
1258 1111 1365 1210 specie
1384 1111 1559 1212 singulare.
1609 1114 1673 1184 Pe·

144 1216 321 1286 rirbecium
347 1205 484 1310 superne
512 1207 738 1284 crnffiffimum
766 1231 875 1284 atrum
905 1209 1015 1286 versus
1036 1203 1221 1310 aperturam
1248 1241 1402 1288 verrucae
1422 1213 1560 1287 demum
1581 1211 1674 1286 collo

142 1317 234 1388 brevi
253 1311 460 1412 angullatom
480 1308 576 1412 supra
592 1308 667 1404 (sed
689 1309 776 1386 infra
802 1333 988 1412 aperturam
1012 1321 1209 1406 verrucae),
1236 1313 1544 1404 concaviusculum,
1571 1310 1672 1398 inira,

143 1409 252 1488 versus
266 1409 414 1488 fundum
430 1439 606 1504 verrucae,
631 1411 803 1490 includens
822 1414 978 1488 nucleum
995 1415 1173 1507 byalinum
1193 1417 1318 1493 cellulis
1341 1415 1497 1495 sarciunt.
1562 1415 1672 1490 Ollio·

145 1518 219 1592 lum
242 1509 297 1590 seu
321 1537 471 1616 apertura
495 1520 530 1592 in
552 1514 761 1616 depressione
782 1541 939 1590 verrucae
960 1543 1138 1592 occurrens
1158 1519 1259 1594 oculo
1280 1540 1410 1596 armato
1433 1515 1672 1594 subocellatum
1828 1575 1835 1582 .

147 1639 281 1716 apparet
298 1644 337 1691 err
359 1617 443 1692 iride
461 1617 621 1716 albicante
640 1621 678 1712 (a
698 1626 850 1720 margine
869 1641 1039 1719 aperturae
1053 1615 1278 1697 subcoardlato
1294 1625 1405 1718 tenui)
1421 1643 1453 1698 et
1473 1619 1598 1726 pupilla
1620 1623 1671 1694 ui·

149 1747 207 1821 gra
227 1724 266 1813 (a
279 1721 437 1794 thalamio
455 1716 605 1813 inel'ttso)
624 1728 849 1822 proveniens„

91 1873 225 1948 Habitus
244 1843 425 1944 loricae
444 1891 541 1972 arque
560 1877 671 1972 primo
691 1867 843 1970 adspeslu
868 1877 1048 1946 Potinae
1073 1870 1273 1971 pertusae
1296 1879 1433 1972 maioris
1451 1871 1585 1955 similia,
1613 1865 1671 1944 sed

150 1971 257 2073 quoad
279 1973 470 2050 uncturam
488 1979 652 2048 internam
668 1981 832 2076 apothecii
851 1979 891 2048 ab
908 1981 974 2050 boc
991 1978 1119 2068 Genere
1137 1971 1207 2050 saria
1227 1975 1354 2056 diversa
1372 1998 1470 2078 atque
1488 1981 1672 2070 Pyrenu·
1707 2061 1719 2070 Η

151 2078 204 2152 lis
254 2081 382 2150 roximn
404 2079 450 2150 ob
477 2080 692 2176 peritbeciom
721 2074 957 2168 incrassatum,
997 2089 1369 2175 aperturamverrucae
1396 2081 1615 2178 marginatas'n
1639 2073 1681 2148 er'

152 2103 363 2280 pacientiam
379 2204 418 2252 ac
435 2199 586 2254 naturam
607 2179 822 2270 cellularum,
847 2206 990 2282 quarum
1008 2179 1093 2256 aliae
1106 2181 1280 2284 longiores
1298 2189 1422 2260 mixtae
1442 2175 1671 2258 observantur.

66 2423 92 2498 7.
112 2365 365 2483 vvieuucn
391 2402 588 2502 gruson.

101 2533 244 2618 {inulla
265 2527 458 2604 subtertarea
481 2534 640 2630 laevigata
663 2525 859 2618 virescente,
891 2531 1009 2606 areolis
1031 2527 1234 2606 subdiscretia
1253 2528 1597 2632 inverrueaaapasfirn
1616 2530 1670 2602 ab·
1710 2617 1721 2626 .
1796 2557 1800 2564 ·

152 2637 296 2708 euntibus
328 2631 600 2730 hemisphaericas
635 2639 759 2707 hiantes
786 2639 936 2730 margine
961 2633 1109 2710 thallode
1132 2633 1263 2722 tumido
1286 2641 1507 2737 integerrimo
1535 2634 1670 2722 cinslas,

153 2741 304 2828 thalamia
322 2732 518 2835 subglobosa
541 2736 732 2834 irregularia
749 2736 968 2817 includentes,

93 2867 217 2956 ,Habitat
238 2859 279 2936 ad
303 2857 398 2961 rupes
419 2868 541 2935 montis
563 2861 745 2936 Hocbslein
765 2855 935 2936 Lusatiae.'
950 2865 1096 2966 Moſsg,
1250 2891 1254 2898 ·

95 2994 213 3091 Species
230 2987 421 3088 singularis,
447 2991 556 3060 babitu
579 2987 930 3062 Tbelotremaris
951 2987 1147 3089 lepadini
1168 2983 1279 3088 quoad
1307 2983 1457 3077 sormam
1481 3006 1514 3061 et
1536 3003 1668 3086 apertu·

146 3119 215 3167 ram
246 3115 458 3164 verrucarum
482 3090 696 3166 adolriomm.

94 3245 202 3322 Crusla
224 3270 265 3316 ex
283 3241 401 3316 areolis
421 3235 473 3312 seu
498 3245 639 3315 verrucis
660 3239 879 3341 utplurimum
902 3236 1045 3316 discretis
1068 3237 1280 3316 difforrnibua
1299 3235 1508 3342 planiusculic
1526 3233 1667 3340 pallido·

143 3347 326 3419 vitentibus
354 3337 555 3418 laeviusculis
579 3343 791 3445 cornposrta,
827 3372 967 3444 quarum
992 3345 1152 3444 plurimae
1181 3349 1327 3438 primum
1357 3345 1484 3444 poncio
1507 3335 1666 3442 impresso

144 3443 354 3536 disciformi,
377 3466 412 3516 ιιι
429 3450 462 3516 in
475 3443 675 3520 Urceolariis
691 3446 886 3550 quibusdam
906 3449 1136 3546 incipientibus
1155 3441 1362 3536 observatur,
1388 3465 1531 3518 notatae.
1578 3445 1669 3514 Dein

145 3544 338 3624 excrescunt
356 3545 429 3619 illae
446 3547 575 3624 areolae
590 3569 621 3622 et
639 3575 849 3622 verrucarum
864 3544 1196 3648 hemisphaericarurn
1219 3545 1366 3620 sormam
1391 3543 1548 3646 adeptae,
1581 3540 1668 3618 mas·

146 3647 216 3724 sam
238 3645 475 3737 subrorundam
497 3669 623 3740 atram,
649 3655 863 3750 peritbecinm
889 3673 924 3724 ur
947 3649 1075 3724 viderur
1092 3645 1317 3724 craffiffimum
1339 3649 1559 3734 efficientem,
1585 3673 1669 3722 eon·

145 3759 253 3830 tinere
272 3747 443 3840 videntur,
477 3755 512 3823 in
536 3778 692 3825 verrucae
711 3774 862 3850 apertura
885 3749 1118 3850 conspicuam,
1153 3747 1206 3824 sed
1232 3778 1307 3824 raro
1323 3749 1365 3823 ad
1389 3756 1580 3852 marginem
1601 3757 1670 3844 ejus

144 3851 316 3930 tumidum
338 3851 581 3951 adtingentem,
612 3852 770 3926 rarissime
794 3880 871 3930 eum
891 3848 1097 3951 superantem
1122 3875 1154 3926 er
1169 3859 1440 3952 prominentem.
1495 3859 1533 3924 ln
1553 3872 1670 3923 centro

146 3959 246 4050 bojon
268 3949 407 4041 meffae,
439 3961 599 4028 nimirum
622 3960 656 4027 in
680 3950 860 4055 specimine
880 3959 1053 4040 Licbenia,
1080 3955 1171 4053 quod
1192 3982 1308 4028 coram
1344 3957 1464 4038 habui,
1496 3951 1586 4024 sorte
1615 3955 1670 4022 vix

145 4053 301 4158 perser
314 4075 348 4128 et
362 4053 504 4150 juriiori,
530 4055 646 4134 srullra
665 4051 824 4130 nucleum
843 4055 1006 4159 quaesivi,
1039 4053 1093 4129 sed
1118 4059 1279 4154 pundint‘n
1300 4051 1508 4156 pellucidum
1528 4069 1673 4126 ma'cerai

144 4169 240 4234 tione
267 4159 302 4232 in
325 4183 409 4258 aqna
430 4183 588 4256 apparens
613 4162 715 4234 rarius
736 4157 860 4234 ibidem
891 4185 949 4236 me
971 4153 1153 4234 observasse
1176 4176 1278 4258 puro,
1316 4160 1454 4232 initium
1474 4152 1673 4253 interino·

146 4265 231 4352 elei,
259 4266 295 4334 ni
314 4253 434 4349 sallbr,
458 4257 619 4334 indicans.
1255 4277 1258 4280 ·

93 4421 176 4490 inter
197 4411 479 4487 Urceolarias
501 4435 678 4485 numerare
702 4413 789 4484 bane
816 4407 958 4510 speciem
984 4397 1120 4510 nequivi
1145 4409 1190 4484 ob
1213 4401 1368 4480 naturam
1388 4401 1510 4482 massae
1533 4397 1674 4480 inclusae

146 4512 414 4598 diversissimam,
447 4537 511 4585 neo
534 4515 695 4587 laminam
720 4515 924 4613 proligeram
955 4511 1081 4588 nudam
1108 4535 1142 4584 ut
1169 4514 1278 4582 iobis
1302 4503 1493 4583 offerentis.
1554 4511 1673 4598 Pyre·

144 4617 262 4698 nulia
288 4639 367 4690 vero
387 4619 538 4690 maxime
554 4615 661 4692 affinis
679 4613 811 4690 videtur·
824 4611 886 4690 nili
902 4611 994 4690 sorte
1016 4616 1144 4713 proprii
1160 4613 1300 4686 Generis
1317 4605 1458 4710 species.

1020 4759 1064 4831 Ss
1093 4777 1114 4849 3
1642 4753 1678 4826 8·
