4362 5524
492 443 564 518 534
1092 443 1297 502 cruorercr
1325 415 1501 502 clationis.
1570 389 1574 406 ’
1646 405 1663 434 ’“
1781 393 1790 406 ’

431 679 437 702 ,
538 623 594 700 Ob
620 623 765 697 habiturn
786 617 997 718 podetiorom
1020 615 1160 694 similem
1179 649 1260 696 cnm
1284 620 1588 714 modificationibus
1611 623 1874 715 Ceoomyeir
1899 623 2073 722 pereehae

1292 731 1444 824 periens,
1478 728 1627 825 quartaria
1649 720 1852 826 scyphorum
1876 747 1909 798 et
1934 726 2013 800 thalli
2034 721 2074 796 lo·

597 724 640 796 'ad
666 723 818 796 carradern
845 720 1022 796 serlionem
1050 722 1144 814 retuli
1169 725 1287 796 hanel

603 826 696 898 liacei
721 824 811 896 nullu
835 823 873 896 fit
898 829 1026 896 mentio
1048 819 1134 922 apud
1158 829 1258 916 llory.

542 950 805 1052 §pactinianum
829 975 848 1024 e
875 949 1040 1022 borbonio
1072 944 1140 1044 ipse
1171 943 1337 1044 postidea,
1371 945 1462 1046 quod
1488 973 1549 1046 pro
1576 950 1722 1020 Lichene
1746 945 1847 1048 ipsius
1880 951 1965 1041 Bury
1983 947 2075 1032 habeo.

604 1043 658 1122 sed
687 1051 793 1122 multo
813 1051 985 1148 gracilius,
1017 1074 1116 1146 quam
1145 1052 1180 1120 in
1202 1051 1282 1140 Ejus
1302 1051 1401 1120 icone
1422 1043 1692 1146 repraesentatur,
1721 1068 1756 1120 et
1781 1053 1849 1122 hoc
1871 1075 1947 1122 enat
1967 1052 2076 1120 Ceno·

602 1176 727 1243 nryce
760 1151 938 1248 paracha
963 1147 1057 1227 valde
1080 1146 1181 1220 affine
1208 1149 1273 1234 esl3
1308 1147 1393 1222 adeo
1421 1170 1457 1222 nt
1486 1147 1583 1220 facile
1614 1149 1785 1222 crederem
1818 1147 1913 1250 qnod
1938 1145 2076 1218 aduam

463 1273 471 1300 ¹
603 1249 821 1347 eamdemque
845 1243 987 1348 speciem
1013 1243 1127 1322 resarri
1154 1243 1277 1346 posset,
1304 1275 1386 1336 ⁴narn
1406 1247 1613 1322 consimilem
1640 1245 1712 1321 sere
1734 1257 1802 1343 ejus
1826 1245 2075 1322 modificationem

601 1376 645 1424 err
677 1351 825 1424 Helvetia
857 1351 978 1424 habeor
1025 1353 1142 1444 apices
1171 1348 1377 1423 ramulorum
1412 1355 1446 1422 in
1472 1345 1652 1450 specimine
1680 1371 1759 1422 meo
1788 1349 1987 1424 Borborrenh
2009 1343 2075 1444 quas

604 1457 743 1524 truncati
775 1451 826 1530 vel
863 1456 899 1522 in
931 1447 1077 1530 sormam
1110 1446 1261 1550 scyphuli
1292 1447 1476 1550 perlorsti,
1512 1454 1666 1550 margine
1698 1468 1872 1550 aperturae
1902 1453 2075 1526 circumiri

605 1550 754 1632 dentibus
781 1547 879 1624 luscis
903 1569 1076 1628 coronato.
1633 1590 1637 1598 ·

675 1811 715 1854 ⁴*
760 1805 864 1878 Thasii
888 1805 964 1877 iobis
990 1808 1119 1878 minutis
1143 1805 1313 1877 imbricatis
1337 1801 1431 1899 iatin
1446 1846 1460 1870 ι
1475 1808 1612 1879 ermetis
1630 1801 1935 1908 snbptrfiyla'atibur.

499 1973 558 2032 ra.
588 1952 856 2036 CENOMYCE
890 1952 1117 2050 pyxidata.
1245 2021 1250 2031 .

545 2085 587 2158 C.
608 2079 699 2158 thalli
722 2079 843 2172 lohulie
864 2085 999 2152 minutis
1025 2081 1238 2176 imbricatie„
1259 2073 1396 2176 podetiia
1419 2078 1571 2151 brevibus
1597 2105 1616 2151 a
1642 2073 1707 2149 bair
1741 2071 1862 2150 ieelim
1891 2080 1926 2148 in
1952 2069 2079 2170 scyphum

606 2175 863 2272 cyathisorrnem
893 2182 1043 2280 amplum
1071 2177 1231 2268 dilatatias
1274 2180 1454 2280 apotheciis
1477 2181 1667 2285 marginum
1694 2173 1832 2252 demum
1860 2179 2005 2251 maximis
2022 2197 2079 2246 eoa·

607 2283 797 2379 glomeratis
820 2275 928 2359 fuscis.
1033 2281 1040 2290 ”

546 2413 748 2502 liaeomyces
772 2403 963 2502 pyxidatua.
1015 2403 1137 2481 Acin.
1159 2405 1261 2479 Meti.
1283 2407 1371 2483 Licin.
1395 2426 1511 2502 pm.

541 2513 670 2650 ‘lhiclten
697 2525 884 2628 pyxidaroa.
935 2534 1032 2606 Lina.
1057 2531 1090 2604 S.
1112 2533 1159 2604 N.
1184 2561 1226 2582 ·-
1253 2529 1368 2602 Acirar.
1390 2533 1582 2628 Lirirnogr.
1606 2530 1691 2607 sva.
1715 2527 1840 2604 Proar.
1863 2555 1903 2625 p.
1920 2535 1981 2609 tri.

542 2659 683 2734 ,Habitat
708 2651 801 2754 snpra
826 2676 945 2728 terram
971 2657 1004 2726 io
1027 2657 1152 2726 cricetis
1174 2673 1206 2724 et
1230 2649 1311 2725 saxia
1332 2655 1503 2750 Europae,
1530 2649 1640 2742 Ahar,
1666 2657 1838 2726 Arnericae
1860 2658 1949 2750 Sept.

550 2780 684 2861 Po'detia
721 2783 755 2852 in
782 2781 964 2872 junioribus
994 2771 1225 2876 speciminibus
1254 2781 1420 2875 perbreuia
1453 2773 1586 2851 obverse
1618 2784 1735 2850 conica
1769 2797 1801 2850 et
1831 2773 1926 2876 qnasi
1954 2769 2081 2872 hyphen

610 2878 749 2954 seffilem
776 2875 967 2958 offerentia.
1002 2876 1065 2951 basi
1093 2884 1127 2954 irr
1157 2877 1274 2950 adultis
1308 2880 1421 2976 paullo
1448 2879 1614 2974 lortgiori3
1654 2877 1761 2962 nuria,
1794 2877 2016 2974 pulverulenta
2030 2900 2082 2972 gn·

611 2982 722 3056 nnlata
745 2975 916 3052 verrucosa
945 2975 1135 3076 squarnosa3
1168 2976 1239 3050 alba
1270 2978 1390 3076 pallida
1416 2979 1467 3051 uel
1498 2986 1635 3073 cinerea.
1696 2981 1820 3077 Scyphi
1854 2977 1958 3076 ampli
1980 3002 2082 3068 compa·

610 3083 712 3158 nulsti
746 3079 799 3156 vel
828 3075 1067 3178 cyathilormea
1098 3076 1344 3178 diaphragntate
1373 3104 1519 3152 concavo
1553 3073 1673 3166 clausi,
1716 3083 1871 3172 margine
1897 3071 2080 3174 integrialenli

612 3183 666 3254 ael
692 3180 832 3269 dentati,
864 3183 1043 3279 apotheciis
1067 3183 1101 3254 in
1131 3181 1197 3252 hoe
1223 3185 1333 3276 primo
1366 3186 1518 3265 minutis,
1550 3174 1604 3254 sed
1635 3183 1670 3251 in
1693 3177 1996 3250 modificationibus
2016 3181 2083 3262 huju

613 3279 731 3381 speciei
763 3283 851 3368 aliis,
882 3277 1014 3352 tandem
1038 3274 1326 3352 intumescentibus
1353 3279 1447 3351 valde
1476 3283 1606 3376 magnit
1629 3297 1662 3348 et
1685 3281 1968 3374 conglomeratis,
1991 3273 2083 3368 [empti

607 3377 743 3456 obscure
768 3377 866 3454 sulcis
899 3401 938 3464 et,
959 3373 1072 3452 bediis.
1132 3383 1248 3452 Rarius
1274 3378 1430 3477 prolisera
1460 3379 1504 3452 eli
1534 3387 1614 3450 haec
1643 3371 1767 3476 species
1793 3373 1847 3450 scd
1883 3383 1921 3454 in
1945 3373 2084 3454 indiailn'u

613 3483 744 3556 uctullis
763 3487 932 3580 apothecis
961 3479 1052 3552 ualde
1075 3506 1096 3551 c
1117 3475 1245 3577 scyphis
1267 3477 1532 3578 primordialibus
1555 3481 1733 3551 elevantur.

553 3607 604 3688 nd
633 3603 969 3698 Cenomycidenr
1004 3603 1266 3678 coceiseram
1302 3611 1455 3700 proxime
1489 3601 1674 3679 accersiret
1704 3605 1757 3674 vix
1785 3599 1846 3674 nisi
1874 3601 1987 3678 colora
2010 3595 2083 3700 pube·

612 3715 737 3781 tiorum
762 3733 801 3780 ac
824 3711 1073 3806 apotheciomm
1094 3709 1134 3778 ab
1156 3732 1194 3776 car
1221 3699 1343 3780 differt.
1589 3713 1592 3721 '

529 3835 616 3912 .l’ro
640 3824 739 3906 more
759 3827 1020 3927 scyphiseram‘m
1038 3837 1272 3920 Ceuomycnm
1290 3827 1542 3928 quamplurimis
1558 3825 1668 3904 morlia
1689 3832 1803 3916 variat,
1830 3823 2086 3929 quornmseqno·

449 3929 452 3935 ¹
481 3931 484 3942 '
614 3956 684 4022 tes,
712 3938 756 4004 uti
780 3938 965 4030 praecipui,
990 3958 1061 4010 uon
1086 3929 1376 4032 praetermittendi.

527 4107 567 4162 aa.
589 4085 630 4156 C.
648 4086 806 4182 simplex:
839 4078 980 4178 podetiis
1010 4075 1403 4154 albo-cinerescentibua
1437 4103 1457 4150 e
1495 4077 1559 4154 hali
1591 4079 1756 4180 engullata
1791 4085 1827 4156 ier
1865 4077 2016 4180 scyphum
2039 4099 2087 4150 aa·

580 4181 672 4278 plum
701 4181 966 4276 campanulatum
991 4186 1142 4280 margine
1168 4188 1333 4282 integrum
1362 4181 1524 4269 steritem,
1554 4179 1805 4284 diaphragmate
1829 4183 2002 4262 concolori
2024 4181 2087 4250 titt·

417 4315 420 4323 ·
577 4279 668 4366 sum,
691 4279 842 4360 dilatatis,

553 4407 755 4576 Baecppnypea
787 4403 960 4500 pyxidatus
986 4431 1053 4479 eum
1077 4411 1231 4482 uarietate
1259 4427 1298 4491 ν.
1329 4399 1609 4504 macro-scyphe.
1660 4407 1786 4484 Ache.
1818 4405 2003 4512 Iiciewgt-
2023 4405 2086 4478 *5⁶¹i

653 4529 689 4575 so
712 4528 741 4582 't
772 4522 965 4596 i’-·357·333’

548 4625 721 4706 cladonia
748 4623 885 4730 hrttplex
906 4629 937 4740 ir
965 4625 1021 4708 Cl.
1045 4632 1170 4712 locam.
1225 4630 1348 4730 Hnffm
1371 4633 1425 4706 Fi·
1450 4635 1560 4712 GM·
1585 4656 1697 4728 Μ’·
1722 4649 1726 4658 ’
1994 4731 2071 4807 w

2019 4757 2041 4802 rc
2072 4750 2088 4798 a
