4382 5518
726 475 943 534 centenses.
979 453 1155 532 Cladonia.
1213 422 1216 432 ,
1681 479 1750 554 555

239 654 418 736 subdivisus
441 652 495 732 sen
518 643 775 732 subradiatuset
799 655 879 731 inde
900 663 1006 756 magis
1032 653 1196 746 dilatatus,
1232 649 1287 729 setl
1315 653 1443 758 lingula
1465 654 1587 733 tlivism
1615 663 1750 760 apotbe·
1788 603 1796 620 ·

234 770 297 835 'ciis
320 761 577 860 conglomeratis
607 759 786 834 iuslruitnr.

175 890 288 976 Potius
311 885 353 959 ad
375 879 576 986 praesentem
597 878 737 982 speciem
759 887 859 986 qnam
877 879 918 956 ad
941 886 1127 955 varietatem
1146 881 1383 1055 apoleptam
1410 887 1670 986 Cenomycis
1689 888 1752 958 ba·

230 983 423 1062 'cillaris'
439 991 578 1087 pertinet
609 987 754 1069 Lichan,
790 999 889 1090 quem
913 981 1089 1057 delineavit
1111 983 1167 1056 Dil
1183 988 1298 1076 enins,
1334 991 1492 1090 cujusque
1516 986 1651 1057 iconem
1679 988 1752 1059 heic

234 1093 350 1178 citavi,
375 1105 511 1188 propter
533 1081 806 1182 magnitudinem¹
821 1099 856 1160 et
882 1084 1015 1192 podetia
1047 1078 1230 1184 squamosa.
1481 1104 1512 1114 ¹·
1637 1103 1641 1114 ·

148 1249 182 1340 t.
208 1261 249 1334 C.
268 1261 475 1336 uerlicillalu:
502 1255 641 1354 podetiis
663 1255 856 1352 cylindricis
881 1252 1111 1344 breviusculis,
1138 1283 1157 1328 e
1181 1249 1385 1358 scyphorum
1410 1231 1656 1359 diapbmgmate
1677 1253 1751 1356 scy-

200 1361 307 1458 phulis
335 1365 427 1432 novis
453 1353 603 1431 solitariis
626 1365 876 1458 aggregatisque
900 1352 1243 1458 repetito-prolifesis.

178 1487 381 1600 Baepmycce
406 1483 586 1596 turbinatos
604 1508 674 1559 oar.
698 1481 897 1584 verticillata.
950 1485 1079 1556 Actes..
1093 1483 1195 1556 Mella
1217 1475 1307 1556 Lielt.
1334 1501 1456 1577 p.‚t4s.

172 1609 382 1702 llacomyees
403 1607 581 1708 pynidatus
604 1634 675 1687 var.
696 1610 849 1706 apotisla.
902 1609 1023 1686 Arlane.
1046 1611 1068 1680 s.
1090 1631 1116 1682 r.
1144 1621 1258 1700 μω.

176 1733 440 1832 Scypbcplacros
461 1729 670 1804 verticillaria.
721 1735 885 1805 iocoue.
909 1733 961 1806 Ft.
990 1736 1072 1806 Bor.
1097 1731 1207 1806 Amr.
1236 1725 1351 1822 Suppl-

174 1854 340 1929 Clarlcnia
365 1855 551 1928 verticillata
573 1873 605 1928 et
632 1851 814 1966 prolisera,
853 1855 978 1950 Hcffsra
1002 1857 1054 1926 sl.
1077 1857 1187 1929 Geras.
1212 1875 1329 1948 paee.

175 1980 374 2083 lobilleri.
402 1981 484 2079 His.
507 1979 610 2074 Mese.
652 1977 729 2052 ch.
746 2004 793 2066 14.
811 1979 892 2072 ſss.
917 1979 1044 2051 D-H.
1069 2011 1109 2034 ··
1138 1979 1239 2058 Veiis.
1263 1975 1370 2071 Pnrifi
1401 1971 1481 2051 ch.
1496 1999 1539 2080 ar,
1558 1979 1596 2072 f.
1604 2001 1635 2068 5,
1647 2005 1683 2071 9,
1708 2013 1750 2039 .-

238 2083 362 2154 Melet
385 2081 468 2158 Gen.
500 2085 576 2152 Tan.
594 2103 647 2166 4²·
673 2079 791 2172 Η..
1064 2085 1071 2096 “

121 2291 127 2300 ,
176 2201 312 2278 Podetia
335 2201 419 2276 nuda
449 2206 483 2275 in
507 2202 623 2274 uollris
647 2206 739 2274 terris
764 2201 939 2285 breviora,
975 2196 1028 2274 sed
1060 2206 1159 2276 etiam
1189 2199 1342 2298 elongata
1368 2220 1546 2276 occurrunt
1567 2221 1598 2274 et
1623 2201 1750 2300 prolifi-

237 2305 419 2376 eationibns
442 2325 500 2378 a·
519 2325 535 2392 3
563 2308 673 2372 uncias
690 2300 761 2400 'alta
785 2306 821 2372 in
845 2305 993 2372 stnerim
1019 2297 1263 2402 septentrionali
1285 2303 1421 2376 obvenit
1442 2303 1748 2378 tesle'Miehauaio.

238 2407 366 2500 Seypbi
393 2403 567 2476 inferiores
590 2405 635 2473 ob
660 2407 830 2499 apothecis
849 2407 980 2474 'minuta
1007 2407 1042 2472 in
1072 2407 1222 2498 nsargine
1244 2397 1359 2475 lessrlia
1378 2399 1561 2492 crennlati,
1595 2396 1650 2474 sed
1670 2427 1750 2502 apo·

205 2547 208 2554 ι
237 2505 341 2575 tbecie
363 2509 396 2574 in
423 2499 642 2602 superioribus
664 2499 793 2601 scyphis
821 2508 947 2593 majora
968 2520 1001 2573 et
1028 2498 1165 2575 subinde
1189 2500 1390 2600 podicillata.
1491 2499 1496 2506 ’
1614 2509 1616 2516 ’

176 2625 297 2702 Minus
332 2629 418 2712 nesle
453 2647 489 2699 nt
523 2631 646 2723 opinor
674 2631 761 2698 banc
796 2644 830 2696 et
866 2623 1055 2723 sequentem
1085 2625 1142 2716 (ε)
1176 2629 1364 2700 varietatem
1390 2621 1434 2700 ad
1463 2631 1750 2720 Cenomycem

238 2752 261 2824 p
270 2724 487 2818 vatidus-am
510 2729 619 2800 retulit
644 2726 807 2800 Dillenius
834 2744 867 2798 et
893 2721 966 2822 pctt
997 2749 1075 2796 eum
1109 2718 1318 2811 Hoffmann,
1343 2743 1588 2824 quum'neque
1616 2725 1749 2822 purletia

238 2834 275 2900 in
301 2853 349 2898 ea.
373 2823 479 2925 speeie
505 2824 706 2920 cylindrica,
742 2851 804 2898 nee
829 2823 984 2922 elongata
1011 2826 1241 2909 inveniantur,
1274 2851 1336 2897 nee
1362 2827 1462 2898 hocce
1487 2825 1593 2898 modo
1621 2828 1750 2925 prolis.

237 2946 374 3015 centnm
400 2947 431 2999 et
454 2923 477 2998 fi
497 2923 538 2999 ad
559 2951 632 3000 earu
659 2922 852 3012 referretur,
887 2923 976 2996 nulle
1002 2925 1100 3022 plane
1121 2919 1305 3000 differeusa
1329 2923 1544 3000 intercederet
1559 2931 1657 3017 ,iuret
1680 2930 1750 3001 Ce-

238 3023 516 3119 ncmyeidenr
548 3023 770 3126 pyxidatam,
793 3027 904 3099 babitu
929 3045 1040 3098 tamen
1061 3020 1131 3095 satis
1154 3020 1334 3122 diversam,
1359 3045 1392 3100 et
1412 3025 1750 3120 Cenomycirlem

236 3123 514 3224 allotropanr.
576 3123 764 3198 Secundum
804 3115 904 3197 talem
941 3119 1203 3220 dispositionem¹
1227 3121 1295 3196 sere
1331 3150 1448 3198 omnes
1482 3124 1750 3224 hujus'Geqerie

240 3229 372 3324 Species
395 3231 431 3300 in
455 3235 560 3299 'unam
583 3225 790 3300 confluerent
816 3243 848 3296 et
866 3225 1065 3323 perturbatio
1087 3229 1122 3298 in
1150 3225 1317 3296 inlinitum
1339 3243 1603 3324 promoveretur.
1667 3249 1677 3260 ·

145 3424 180 3474 e.
208 3401 249 3473 C.
269 3405 457 3496 semegem:
489 3395 629 3496 podetiie
656 3393 846 3488 cylindricis
863 3390 1081 3474 breviusculis
1106 3422 1125 3472 e
1147 3347 1352 3497 scyphorum
1374 3400 1527 3498 margine
1548 3391 1746 3476 denticulato

203 3493 536 3598 repetito-proliferis
557 3493 828 3600 scyphiserisqoe.
1484 3505 1486 3508 ·
1549 3509 1553 3520 ·

175 3624 227 3698 re.
261 3623 382 3696 nstra
405 3623 489 3720 nat.
506 3623 609 3719 uase.
642 3625 721 3697 rar.
734 3648 783 3712 ιφ.
800 3622 881 3718 aa
894 3625 947 3700 nr.
974 3656 1016 3682 ··
1031 3624 1100 3722 fig.
1114 3638 1146 3701 r.
1165 3622 1204 3699 ο.
1330 3581 1341 3696 ’.
1495 3595 1501 3608 ’

175 3751 219 3820 1n
241 3744 397 3818 omnibns
412 3750 574 3818 convenit
593 3772 671 3818 eum
694 3749 795 3844 priori
818 3733 897 3836 (l),
929 3751 983 3820 eui
1013 3743 1177 3819 srtuillima
1207 3763 1347 3842 excepto
1373 3740 1479 3818 morlo
1498 3718 1748 3843 proliiiecticrais
1783 3727 1792 3736 ⁰

241 3870 260 3917 e
284 3849 435 3940 margine
456 3837 676 3945 scyphorum,
701 3845 971 3946 marginibusque
995 3843 1069 3942 ipsus
1092 3846 1308 3942 utplurimum
1333 3849 1437 3942 magis
1456 3843 1606 3919 dentatis.

137 3987 186 4087 ζ.
209 3995 256 4088 C,
276 3992 438 4088 crispare:
475 3989 615 4090 podetiis
646 3989 800 4078 ramosis,
834 3983 962 4089 scvpbis
996 3991 1238 4090 prolilicatioue
1267 3986 1547 4082 evanescentibus,
1580 3984 1748 4064 summita-

204 4089 697 4265 ᾖξὲιᾟιίξξὲῗιιῶξὲῑιῐεείε
731 4091 916 4167 brevifftme
945 4087 1084 4206 digitato
1102 4087 1335 4166 -denrtcuta'rts'
1367 4089 1527 4220 crissatis,
1570 4093 1748 4198 apotbeeiia

173 4296 379 4418 Baecmyeea
404 4311 584 4390 turbinatns
610 4343 682 4392 oar.
705 4310 737 4412 ζ.
765 4312 931 4417 crispatus.
983 4291 1230 4396 ArscrsMetlv.
1252 4311 1341 4420 Lici..
1363 4343 1401 4413 ρ,
1410 4299 1488 4407 m*
1520 4319 1523 4326 ·
1607 4269 1617 4340 ’.

182 4438 358 4516 Mediante
386 4445 446 4515 bae
474 4461 505 4514 et
527 4437 732 4542 sequentibus
761 4447 965 4520 varietatibus
998 4448 1309 4536 Cencnayeem¹
1326 4439 1590 4534 allctropam
1607 4425 1650 4514 'in
1676 4443 1748 4512 Ce-

244 4536 472 4634 nomyce'm
498 4537 700 4614 fuscatam
729 4542 817 4612 abire
847 4543 900 4614 vel
924 4549 1039 4615 mutari
1067 4541 1206 4618 videtur.
1258 4545 1473 4638 Scypbotttm
1501 4543 1537 4612 in
1561 4541 1748 4637 primordio

243 4637 464 4741 praesentium
488 4645 543 4718 vix
568 4641 634 4718 olla
656 4641 764 4718 relisla
789 4637 862 4716 sunt
889 4643 1180 4820 vessigiggqbboc
1206 4641 1286 4716 slatn
1317 4660 1446 4742 praeter
1468 4645 1575 4740 apices
1601 4639 1748 4712 ramulo·
1804 4691 1807 4698 -

1143 4761 1167 4824 2
1672 4764 1748 4814 rnm
