4342 5540
736 417 1005 486 emunctorum
1037 427 1040 434 “
1488 447 1494 462 ·
1602 435 1685 508 299
1728 456 1734 468 -

120 605 224 686 Thalli
244 606 349 708 plures
369 603 467 682 simul
483 611 652 708 aggregati
670 623 706 680 ut
731 611 765 682 in
784 605 937 684 Eotloc.
963 603 982 680 s
983 633 1097 682 mara
1105 604 1241 708 gdulo
1259 610 1390 686 et'intle
1407 615 1512 716 ligura
1534 621 1682 692 maxime

168 715 340 794 variantet,
373 711 593 808 utplurimum
616 712 703 784 artie
725 708 809 782 adeo
828 732 934 784 terrae
958 709 1067 783 adnati
1092 733 1127 785 ut
1150 719 1269 808 pagina
1292 711 1434 789 inferior
1456 723 1547 814 nigra
1570 716 1678 809 ferme
1710 729 1713 736 '

167 808 315 912 dispareat
333 833 365 888 et
381 833 464 884 tetra
487 806 684 912 spongiosa‚
709 817 762 882 cui
782 809 906 886 instrati
923 809 1015 900 sunt,
1038 837 1101 910 pro
1127 818 1278 886 lichenis
1301 837 1391 914 parte
1410 815 1559 892 inseriori
1580 819 1677 894 sacile

167 915 270 987 haberi
290 910 405 1012 polilt,
438 913 564 988 a'mbitu
586 909 609 988 s.
634 916 786 1009 margine
804 923 925 986 tanteo‘
936 913 1133 1012 plerumque
1156 916 1283 989 elevato
1305 939 1337 988 et
1356 924 1461 1015 magia
1484 921 1675 1016 nigricante.
1779 923 1783 938 '

168 1013 337 1089 Thalamia
356 1013 395 1086 ad
413 1011 620 1115 superficiem
637 1015 878 1111 protuberantia
895 1022 959 1108 iarn
976 1020 1100 1110 integra
1117 1021 1181 1106 jam
1198 1015 1356 1089 osliolum
1373 1019 1497 1092 ibidem
1509 1019 1675 1110 sormam.
1812 1065 1816 1072 ·

167 1117 268 1189 Color
288 1113 471 1214 superficiei
488 1113 805 1202 fusco-brunam,
832 1117 1016 1204 callaneut,
1042 1119 1207 1214 bepatkut
1229 1137 1262 1190 et
1282 1115 1419 1192 obscure
1437 1119 1674 1219 rufo-susem,

167 1221 447 1315 etiamnigrie'ant.
501 1217 682 1290 Subslantia
701 1220 839 1288 interior
856 1217 940 1296 alba.
980 1231 986 1242 '
1131 1237 1136 1246 '

97 1363 129 1452 ll.
151 1371 424 1447 Elementorum:
458 1365 562 1440 thallo
588 1361 738 1464 adptelso
762 1366 913 1440 brunnen
934 1367 1067 1456 lebate,
1094 1365 1181 1442 lobia
1204 1364 1464 1450 concaviusculit
1479 1357 1674 1468 tacituram,
1860 1411 1873 1430 ·

135 1472 356 1544 thalamiotum
375 1469 501 1542 osliolis'
517 1466 688 1567 irnpretlit.
1750 1487 1752 1490 ·

117 1597 231 1670 Habitat
243 1600 276 1670 iu
289 1591 450 1695 glareosta
467 1589 573 1693 adque
587 1613 709 1690 terram
727 1587 883 1668 limosam
896 1565 1067 1670 Valleliae.
1097 1597 1276 1674 Sciititlttr.
1293 1559 1296 1564 Ι

118 1721 240 1796 Tballut
261 1719 526 1794 inciso-sobaros
544 1741 576 1792 et
597 1721 765 1793 laciniatu's
787 1726 957 1794 terrae'ita
977 1717 1142 1819 adpteffus
1163 1711 1341 1821 ut'pagina
1365 1721 1507 1800 inferior
1526 1706 1609 1828 quae
1628 1747 1673 1803 ta·

165 1847 235 1898 men
251 1829 345 1920 nigra
363 1823 406 1895 ell
425 1827 616 1922 neutiquam
632 1817 778 1918 conspici
795 1840 892 1920 queat
908 1843 939 1895 et
957 1826 1035 1895 binc
1056 1821 1126 1896 lobi
1142 1843 1174 1897 et
1192 1822 1329 1900 laciniae
1346 1829 1512 1902 concavae
1528 1828 1673 1905 evadunt

166 1927 362 2022 marginibus
379 1925 522 1998 elevatis.
575 1921 702 1995 Olliola
722 1928 847 1995 minuta
863 1918 1028 2022 impressa⁴

115 2053 158 2125 Ob
181 2053 326 2224 1lqabitum
345 2069 391 2148 ¹et
416 2049 568 2148 colorem
595 2042 666 2122 fere
695 2044 932 2144 consimilem,
983 2045 1203 2125 antecedentia
1227 2049 1295 2170 (aa)
1323 2057 1513 2130 uarietatem
1534 2073 1669 2154 ¹tamtum
1702 2078 1707 2087 ’
1746 2119 1749 2126 .

165 2173 332 2254 eeputo.
455 2169 463 2204 ³
1429 2199 1432 2208 .

82 2351 443 2432 tmoocnrteou
470 2333 724 2433 lactatum.
778 2331 784 2352 ’

118 2483 149 2558 E.
165 2454 257 2555 tballo
279 2478 554 2578 subcartilaglneo
578 2475 722 2553 soliaeeo
745 2479 920 2566 imbricato
937 2473 1236 2554 fusco-virescente
1257 2473 1366 2554 subtus
1384 2499 1457 2554 atro
1472 2477 1671 2584 inaequabili

164 2577 607 2761 {biliqqqsq-subspungioso,
648 2581 732 2656 lobi‘s
758 2575 1084 2704 subineumbentibua
1107 2580 1291 2658 rotundatis
1316 2576 1514 2658 subetenatis
1539 2585 1669 2686 flexuo.

116 2808 312 2910 Eudocarpon
339 2787 527 2894 lachneum.
564 2811 682 2891 Arbor.
701 2815 805 2890 Mitt.
825 2809 907 2888 ttcl.
928 2833 1036 2914 μη.

116 2937 217 3010 Liclren
231 2937 401 3016 bettricus:
416 2931 542 3014 'Acium
559 2943 740 3038 Liclrmogr.
759 2941 841 3011 Soet.
862 2939 987 3014 Prodr.
1010 2964 1046 3032 p.
1058 2961 1121 3025 140.

118 3067 228 3142 Habitat
242 3063 336 3167 supra
352 3087 472 3142 tetram
491 3088 522 3139 et
537 3062 668 3180 muscos
688 3059 888 3166 putresailoa
903 3061 948 3136 in'
962 3065 1097 3160 rupibus
1117 3065 1270 3150 sveciae,
1298 3063 1457 3164 begine,
1484 3067 1670 3148 Helvetiae.

95 3195 189 3266 'Cum
213 3194 463 3292 Endocarpo
499 3191 778 3291 Hedwigi'tet
812 3185 911 3267 Eud.
934 3189 1174 3286 hepaticoa
1201 3187 1397 3288 quibusdam
1420 3185 1598 3268 consusum
1622 3203 1672 3271 in.

165 3301 255 3384 veui,
286 3323 368 3372 nam
395 3301 496 3382 ltujur
514 3290 680 3394 specimen
701 3290 759 3365 sub
784 3293 925 3363 nomine
949 3291 1061 3362 Licb.
1086 3286 1411 3386 trapezisotmit
1435 3291 1546 3368 Dicks.
1571 3305 1672 3373 etiam

162 3405 273 3498 accepi.
340 3397 392 3471 Ab
420 3393 678 3492 Endocarpo
706 3395 930 3491 hepatioo,
963 3387 1165 3478 cuisimile,
1191 3385 1302 3464 differt
1325 3391 1411 3464 lobia
1435 3400 1540 3491 magia
1563 3398 1674 3472 liberis

164 3525 219 3572 nec
242 3508 318 3574 toria
344 3519 448 3574 terrae
474 3495 599 3570 adnatis
624 3495 734 3568 subtus
756 3495 806 3584 vel
828 3486 1116 3590 atro-spongiofit
1144 3493 1197 3596 vel
1225 3493 1451 3594 inaequalibus
1477 3517 1509 3565 et
1532 3499 1715 3596 rugosml

164 3601 349 3698 Aliquando
375 3598 499 3674 ibidem
521 3605 626 3696 magis
649 3595 827 3696 aequabilia
851 3613 885 3666 et
909 3589 1017 3666 nudus
1041 3598 1140 3666 etiam
1163 3599 1306 3670 occurrit
1330 3592 1417 3666 unde
1439 3595 1558 3672 limites
1582 3605 1672 3678 hune

164 3703 199 3774 ab
220 3693 478 3796 Endocarpo
501 3694 775 3799 squamuloso
800 3716 831 3769 et
852 3690 1008 3768 Endoc.
1033 3697 1237 3793 hepatieo
1263 3693 1518 3794 distinguentes,
1553 3703 1672 3780 barum

164 3799 339 3900 specierum
364 3797 667 3876 modificationibus
696 3793 768 3871 satia
794 3802 996 3870 commixtae
1021 3815 1053 3870 et
1081 3791 1241 3868 confusae
1264 3794 1418 3872 evadunt.
1472 3802 1607 3897 ‘Colore
1630 3809 1671 3878 ab

163 3905 309 3987 Endoc.
334 3899 355 3977 s
357 3898 589 4004 quamulos
590 3928 612 3975 o
633 3898 761 3976 facilius
778 3897 1042 3997 dillinguitm'et
1061 3891 1237 3972 substantia
1259 3899 1352 3975 tballi
1375 3905 1519 3976 tenuiori
1536 3906 1577 3976 ab
1597 3907 1671 3982 En·

166 4003 247 4083 tloc.
274 4011 486 4105 hepatioo.
714 4015 733 4030 ⁶
812 4029 815 4036 '

79 4199 104 4270 7.
123 4179 442 4259 ENDOCARPON
466 4178 813 4280 squamulosum.

113 4307 147 4382 E.
163 4309 257 4386 thallo
285 4307 700 4407 crullaceo·carrilagineo
727 4303 930 4380 subfoliaeeo
958 4272 1191 4380 subimbricato
1214 4279 1673 4395 cinereo-fuscoaiiesceite

165 4405 267 4484 subrue
291 4417 425 4484 cinereo
454 4403 867 4508 fibrilloso-lanuginoso'‚
902 4407 987 4482 lobia
1014 4416 1200 4510 aggregarit
1223 4403 1673 4494 frotmundo-diffament

166 4508 472 4610 repandoalobatit,
499 4517 650 4611 margine
665 4509 806 4586 tumido.

112 4631 325 4740 Endocarpo'u
339 4633 596 4742 squamulosurn.
622 4641 742 4716 Actor.
756 4638 862 4716 utet.
878 4639 968 4716 Liria.
991 4641 1132 4733 plns..
1601 4663 1606 4689 ²

979 4765 1048 4862 Q
1074 4777 1098 4844 2
1573 4763 1672 4846 Psora
