4466 5536
726 443 776 498 aa
790 429 931 502 -ὲοιιυιι
955 445 1265 502 taotaortrrotra.
1777 449 1804 524 Δς

282 627 431 702 Partibor
463 625 547 716 illia,
588 653 672 728 quae
700 626 958 727 Receptacolum
988 623 1172 702 universale
1205 629 1388 702 Liclrenurn
1420 623 1474 702 sen
1507 626 1646 705 tbailurn
1672 631 1807 728 proprie

166 724 350 830 respiciunt
375 735 441 825 jam
471 729 628 819 lustratia„
665 731 760 804 reslat
786 751 822 802 ut
846 735 944 802 etiam
966 727 1008 802 de
1026 731 1164 830 reliquia
1184 751 1218 802 et
1244 734 1341 802 variis
1367 737 1435 822 eiua
1461 730 1686 806 excrescentiia
1707 753 1806 830 atquc

170 831 373 930 corpusculis
404 837 505 905 ineo
528 827 719 930 frequenter
739 833 988 906 occurrentibus
1012 834 1109 906 rerba
1131 829 1293 930 quaedam
1320 828 1490 909 saciantur.
1531 837 1674 906 ilatum
1695 839 1728 906 io
1747 857 1807 906 nu·

166 959 267 1008 mern
297 953 412 1010 notatu
445 930 634 1028 dignissirna
669 930 742 1006 sunt
771 937 961 1028 Apotirrriu,
997 927 1052 1004 seu
1076 931 1351 1032 receptaculailla
1380 934 1614 1034 gongyloruut
1642 933 1804 1032 partialia,

169 1059 206 1108 ur
230 1063 249 1108 a
272 1059 327 1107 me
352 1060 535 1120 vocantur,
568 1061 652 1132 quae
678 1055 735 1107 aut
759 1031 870 1108 fortna
893 1029 947 1106 sua
975 1052 1007 1106 et
1035 1033 1150 1107 indole
1172 1041 1204 1108 in
1234 1034 1382 1132 pluribus
1406 1031 1592 1136 speciebus,
1627 1042 1661 1112 iu
1688 1041 1806 1134 primia

164 1133 228 1210 snb
251 1163 321 1209 uno
345 1136 536 1236 eodemque
563 1161 685 1232 genere
702 1133 970 1236 conjungendis,-
993 1136 1212 1210 constantiore
1236 1136 1465 1224 observantur,
1500 1161 1555 1214 aut
1578 1144 1677 1212 etiarn
1698 1141 1808 1234 magia

168 1245 329 1312 variantia
363 1259 397 1310 et
423 1265 487 1338 pro
515 1237 674 1310 dislinslic
704 1233 869 1336 speciebus
899 1231 964 1308 sub«
985 1232 1096 1311 sortna
1129 1257 1162 1310 et
1192 1235 1306 1312 indole
1337 1257 1459 1312 mutata
1484 1243 1678 1314 obveniunt.
1746 1238 1806 1314 illa

168 1368 246 1417 uera
269 1337 443 1425 dicuntur,
478 1343 559 1412 haec
581 1339 743 1437 ncrefforia
768 1334 823 1412 seu
851 1333 1042 1411 secundaria
1062 1335 1201 1412 audiunt
1221 1344 1265 1430 *).
1327 1345 1495 1438 Utraque,
1526 1349 1702 1444 praecipue
1724 1361 1805 1414 vero

167 1445 249 1528 illa,
282 1469 363 1515 nam
390 1441 538 1514 adhaec
567 1445 663 1539 pauci
694 1441 869 1514 austorum
895 1445 1113 1514 attentionem
1143 1437 1310 1540 quandam
1336 1439 1534 1530 adhibuere,
1567 1451 1635 1537 jam
1660 1440 1806 1518 feminea

168 1541 383 1646 srudinrnque
404 1546 590 1618 lichenum
610 1537 675 1618 effe
699 1541 780 1618 dum
802 1561 976 1642 putarunt,
1003 1567 1132 1618 numne
1151 1567 1270 1618 ornnes
1293 1541 1484 1619 hallucinati
1505 1534 1602 1620 su'nti

284 1745 537 1840 DeApotsreriir
555 1749 641 1818 ueris
660 1763 694 1816 et
715 1747 750 1815 in
767 1737 873 1841 specie
892 1738 935 1816 de
956 1739 1183 1832 Scutellia,
1209 1742 1461 1830 Patellulit,
1485 1743 1682 1832 Lirellir,
1709 1740 1805 1818 Pili·

165 1843 279 1932 aliia,
304 1846 510 1928 Orbillia,
535 1845 688 1930 Peltir,
715 1845 881 1930 Trieir,
916 1844 1180 1934 Tiralanriis,
1206 1847 1490 1930 Tuberculia,
1518 1845 1712 1931 Cislulia,
1735 1847 1806 1917 Ce-

171 1945 402 2046 phalodiie
429 1968 462 2019 et
485 1947 706 2036 olannus,
740 1951 776 2020 in
800 1944 967 2024 bric-rhodo
989 1948 1172 2021 Licbeoum
1199 1946 1363 2044 quaedam
1390 1947 1494 2026 attuli.
1556 1944 1620 2022 Sed
1644 1951 1806 2020 terminoa

169 2055 235 2123 boa
260 2073 375 2122 omnes
407 2071 524 2147 utpote
547 2053 659 2122 minut
688 2044 901 2136 necessarior,
933 2052 967 2121 in
996 2042 1155 2144 praesenti
1183 2043 1346 2146 opusculo
1372 2053 1526 2123 omittere
1557 2045 1653 2122 satine
1680 2050 1806 2147 putavi,

175 2177 320 2249 quante
345 2151 586 2224 cbaradleribuc
611 2153 780 2222 Generieia
804 2146 878 2222 satit
902 2169 1024 2246 pateat,
1055 2173 1124 2246 quo
1150 2149 1256 2224 modo
1280 2156 1395 2224 onmia
1419 2155 1539 2224 haecce
1563 2153 1746 2250 Apothecia
1764 2150 1806 2220 ab

172 2257 318 2324 inuicem
340 2247 510 2324 differant.
562 2249 626 2326 Sed
647 2250 688 2324 ad
713 2275 832 2324 eorum
858 2271 963 2350 parter
987 2249 1211 2324 constitutivae
1234 2273 1368 2350 oportet
1391 2271 1427 2324 ut
1450 2271 1594 2326 vertatur
1617 2250 1727 2325 noslra
1760 2267 1806 2322 at·

170 2359 279 2426 tentio
294 2348 495 2529 1prosapiaeriur
517 2379 657 2427 examen
676 2358 714 2426 in
737 2351 966 2454 disquisitione
987 2377 1088 2452 quarn
1111 2352 1293 2444 molimur3
1324 2379 1403 2428 nam
1426 2349 1468 2428 de
1496 2373 1570 2429 toto
1596 2379 1637 2431 cx
1661 2351 1806 2455 partibus
1871 2421 1881 2443 κ

170 2455 293 2528 conclu
384 2455 513 2529 acilioc.
546 2467 552 2475 '
684 2520 686 2524 .
1517 2505 1519 2508 -

284 2665 402 2756 ltaque
422 2661 536 2758 primo
560 2653 639 2729 loeo
670 2651 909 2750 consideranda
936 2659 1028 2728 venit
1047 2677 1103 2743 ea,
1136 2631 1237 2756 quarn
1260 2649 1610 2734 seeundum⁸sormatn
1637 2677 1669 2730 et
1691 2653 1807 2729 locum
1890 2660 1894 2668 ‘
1921 2679 1925 2692 ·

178 2783 277 2858 quem
301 2780 461 2858 occupat,
486 2763 638 2833 Lumirine
651 2763 834 2855 proligerar
852 2757 906 2832 rel
933 2761 1033 2830 etiam
1057 2761 1171 2832 Nuclei
1187 2764 1345 2858 proligeri
1365 2766 1506 2834 nomine
1532 2760 1698 2858 insigniri.
1751 2755 1808 2828 Esl

174 2861 249 2950 illa,
279 2887 379 2960 quana
401 2864 468 2932 hoc
493 2859 688 2956 plerumque
714 2865 870 2948 tenuior,
896 2863 983 2932 intua
1005 2859 1178 2958 compella
1197 2879 1230 2930 et
1252 2857 1420 2947 fimilaria,
1454 2867 1487 2936 in
1513 2861 1591 2935 siatu
1615 2859 1702 2934 sicco
1725 2854 1808 2931 dura

179 2962 405 3058 cartilaginea,
429 2962 580 3032 emollita
603 2957 784 3058 pellucida,
818 2966 852 3034 in
874 2959 1038 3062 plerisque
1061 2963 1257 3036 Liehenibuc
1283 2961 1431 3057 ejusdem
1459 2963 1582 3037 indolis
1611 2983 1643 3035 et
1672 2979 1807 3033 naturae

176 3089 216 3134 ac
243 3057 415 3134 subssantia
443 3061 606 3134 cortiealic
638 3061 750 3149 thalli,
780 3086 852 3135 nou
882 3081 1145 3160 raro'perquam
1175 3060 1319 3148 eiasliea,
1355 3070 1410 3140 vix
1444 3091 1606 3164 umquam
1629 3077 1808 3158 rumpent,

173 3159 231 3236 sed
255 3164 424 3236 interdum
446 3190 504 3262 per
525 3157 663 3234 aetatem
687 3168 813 3263 integra
837 3163 986 3252 elabenr,
1012 3157 1185 3235 surculam
1207 3171 1426 3264 marginatant
1455 3173 1488 3238 in
1513 3167 1688 3264 apotlrecio
1711 3162 1808 3234 relin-

200 3291 292 3346 uena.
344 3267 432 3340 lu'tra
452 3269 551 3360 hujus
569 3257 778 3336 substantiam
799 3267 1053 3361 homogenearn
1077 3257 1355 3364 subgelatinosam
1377 3263 1569 3366 corpuscula
1595 3260 1808 3363 (Gongylis)

174 3292 307 3468 semper
330 3385 510 3442 occurrunt
528 3359 711 3440 nidulantia
735 3361 842 3452 nuda,
867 3385 899 3438 et
922 3362 947 3436 si
967 3367 1048 3436 baec
1072 3385 1220 3450 tantum,
1251 3370 1469 3468 Pureurirpmn
1478 3366 1659 3470 fimisurea
1684 3391 1739 3439 rne
1758 3362 1808 3436 di-

174 3475 281 3558 citor3
315 3495 394 3542 nam
420 3465 602 3566 aliquando
622 3463 722 3541 simul
747 3466 883 3540 cellulae
908 3462 966 3538 sub
991 3463 1125 3539 dirersis
1149 3463 1269 3540 sormir
1297 3490 1393 3570 atque
1421 3469 1580 3544 vesiculae
1603 3468 1660 3558 (de
1689 3467 1808 3568 quibua

173 3567 249 3672 plut
271 3567 358 3644 iusra
375 3567 576 3658 dicendum)
594 3572 629 3638 iu
652 3591 688 3640 ea
711 3563 926 3641 observantur
940 3569 1014 3658 Μ).
1069 3571 1097 3640 E
1120 3567 1175 3639 tali
1191 3569 1332 3655 lamina,
1359 3569 1707 3669 interdummargine
1733 3593 1810 3667 pro·

171 3677 249 3772 prio
275 3672 429 3746 inilrusla
452 3689 552 3770 atque
570 3667 710 3742 cuticula
730 3676 821 3742 tenui
846 3670 1057 3769 cartilaginea
1077 3666 1204 3741 duriori
1226 3670 1305 3744 ioco
1331 3675 1498 3746 Peritbeeii
1520 3672 1671 3761 inducia,
1698 3679 1808 3743 totum

171 3779 393 3872 componitur
414 3775 627 3874 apotbeeiom
650 3773 683 3843 in
706 3770 870 3871 plerisque
891 3773 1090 3844 Lieltenibns
1114 3769 1159 3840 ld
1168 3772 1415 3846 iothalamia
1444 3778 1582 3846 Homo
1590 3777 1741 3874 geneis
1763 3767 1808 3844 sic

172 3873 271 3948 didit
288 3873 385 3969 W).
432 3879 479 3948 ·1u
502 3869 707 3948 Variolariac
731 3874 859 3947 Genere
882 3878 967 3948 intra
991 3876 1167 3974 proprium
1194 3893 1426 3975 tegumentum
1456 3901 1476 3948 a
1495 3877 1599 3952 thallo
1619 3871 1808 3949 formatum
1829 3865 1832 3874 ’

1759 3997 1810 4046 rn-

211 4224 247 4312 1)
273 4227 380 4310 spuria
404 4221 559 4294 uiridem,
592 4223 664 4292 niti.
691 4219 824 4306 respeelu
849 4219 955 4285 habito
976 4222 1014 4286 ad
1036 4223 1342 4286 drrrltummreornm
1364 4225 1528 4298 internam,
1557 4224 1717 4286 maximam
1741 4243 1809 4290 cum

254 4309 422 4398 apotbeeiia
448 4309 527 4368 veria
551 4301 716 4368 obtulerint
736 4301 960 4368 srmilitudincm
984 4319 1015 4366 et
1037 4308 1233 4386 proprietates
1255 4303 1382 4366 eaedem.

211 4413 269 4492 *9)
294 4414 488 4476 Substantiam
510 4407 636 4470 laminae
658 4406 705 4470 vel
731 4407 830 4470 nuclei
851 4407 1031 4472 humiditate
1052 4409 1172 4472 demum
1195 4413 1225 4470 in
1250 4405 1408 4508 gelatinarn
1433 4408 1566 4471 fluxilem
1584 4407 1710 4471 solutam
1728 4407 1808 4502 quati

176 4634 180 4642 ι
254 4488 1130 4654 ggiciiiffiaiussiffiridssffi,siissinriffiielpffm
1148 4491 1268 4574 gongyli
1295 4489 1399 4555 rnclufi
1422 4508 1451 4554 et
1476 4493 1570 4555 hocce
1597 4489 1691 4552 modo
1720 4487 1809 4550 lrbcar

212 4687 293 4762 w)
311 4679 375 4750 Csr·
395 4679 500 4765 paullo
518 4677 596 4747 insta
614 4683 764 4762 Generum
787 4681 941 4746 Diaoome.
1336 4759 1339 4768 Α

174 4817 178 4823 .
1149 4791 1175 4862 B
1201 4809 1222 4882 3
