4466 5536
421 453 467 508 Vl
1059 451 1418 506 tuoreoottuttnt

424 647 460 717 iss
484 635 662 740 propatulo
686 633 743 714 cll.
794 631 920 711 Multas
947 628 1068 734 species
1096 629 1512 744 reducendastexillimavi
1538 631 1609 719 vel.
1641 641 1887 728 vivarienses,
1913 638 1954 715 ad
1977 640 2064 718 alias·

425 763 639 864 reserendas3
680 787 759 836 nans
796 755 891 862 supra
922 785 1064 834 omnem
1087 759 1230 835 modum
1262 751 1494 862 sstultiplicutas¹
1523 767 1648 840 inveni.
1709 767 1789 850 Quo
1823 767 1931 868 plures
1963 769 2058 844 eslius

425 887 658 994 cognoscimus
680 883 802 988 species
826 907 859 960 et
881 911 951 990 quo
974 891 1153 960 accuratius
1176 883 1388 980 observamus
1413 914 1526 963 earum
1554 913 1704 967 naturam
1732 911 1830 993 atque
1862 899 2055 968 variationis

309 1017 312 1026 ’
425 1020 570 1104 snodos,
605 1039 647 1090 co
672 1019 849 1088 certiorem
874 1009 917 1085 de
939 1037 1015 1086 vera
1040 1012 1092 1086 vel
1117 1013 1287 1086 aberrante
1312 1013 1470 1090 llrudlura
1500 1017 1597 1090 nobie
1626 1043 1861 1120 comparamus
1887 1027 2055 1096 notitiam.

425 1150 561 1225 Coloris
584 1146 803 1218 mutationem
824 1143 861 1212 in
884 1162 1031 1212 errorem
1057 1133 1153 1213 facile
1178 1135 1336 1214 inducere
1361 1161 1511 1242 oportet,
1539 1161 1574 1216 ut
1602 1137 1703 1217 discat
1725 1149 1909 1220 Liclsennm
1935 1145 2056 1220 lludio·

427 1273 496 1366 sns,
524 1294 555 1348 et
583 1269 758 1380 llruslurae
778 1263 983 1339 deviationes
1009 1283 1045 1337 ut
1071 1259 1221 1338 observet
1245 1262 1372 1342 necesse
1394 1265 1458 1358 cll,
1484 1289 1661 1370 autequam
1685 1275 1743 1346 lsas
1769 1295 1833 1374 pro
1860 1267 2055 1348 differentiis

426 1399 584 1506 specificis
608 1397 762 1497 genuitate
788 1387 927 1466 all'omat
948 1411 980 1464 et
1006 1391 1194 1490 provulgat.

539 1579 579 1649 lu
607 1575 820 1666 synonymis
851 1563 1033 1668 allegandis
1062 1592 1178 1666 parcus
1209 1562 1278 1654 sui,
1313 1594 1375 1642 nec
1401 1566 1462 1644 nifi
1489 1576 1685 1673 praecipua,
1711 1572 1927 1652 inventorum
1953 1584 2058 1680 inpri-

429 1713 511 1787 mit,
537 1703 726 1804 primorum
750 1689 991 1795 descriptorum
1015 1713 1049 1768 et
1070 1697 1294 1769 recentiorum
1314 1697 1491 1772 auclorum
1520 1705 1661 1775 numina
1687 1695 1851 1798 subjunxi,
1910 1707 1977 1792 Qui
2003 1711 2059 1778 in„

430 1855 558 1934 tegram
589 1824 643 1898 vel
676 1827 781 1922 magis
816 1821 1018 1920 cotupletam
1046 1816 1291 1916 synonymiam
1327 1828 1486 1923 cupiunt,
1520 1827 1736 1902 Ptodrostrusss
1767 1831 2057 1930 Licisssograplsirs
2112 1921 2117 1931 Ι

430 1981 462 2036 et
490 1955 675 2030 lllstlsodusrs
697 1949 867 2024 Lirlaesrvm
886 1945 1005 2020 adeant
1024 1965 1056 2021 et
1079 1947 1253 2035 evolvantt
1280 1952 1340 2022 ltus
1364 1955 1456 2024 enim
1479 1953 1597 2028 Libros
1621 1947 1687 2026 suis
1715 1953 1800 2028 loeis
1818 1957 1940 2059 ubique
1958 1961 2057 2034 citavi

429 2105 462 2160 et
482 2079 673 2179 synonyma
700 2081 734 2150 iit
759 2077 809 2148 uis
833 2067 912 2148 salse
933 2071 1028 2147 allata
1052 2065 1190 2190 sollicite
1215 2074 1383 2174 calligavi,

535 2259 653 2330 icones
682 2246 753 2323 sere
785 2271 925 2336 omnes,
962 2273 1042 2350 ques
1069 2243 1160 2348 apud
1189 2249 1347 2324 nudiores
1378 2251 1590 2352 perquirendi
1610 2259 1707 2356 copia
1731 2258 1815 2330 mihi
1841 2253 1924 2348 soit,
1950 2263 2058 2338 citavi.

360 2455 366 2468 ,
431 2381 497 2463 Sed
521 2379 644 2468 doleo,
676 2372 769 2478 quod
795 2401 867 2452 non
889 2373 951 2450 nili
978 2399 1098 2476 paucus
1127 2399 1145 2446 e
1170 2375 1200 2452 b.
1217 2400 1262 2448 nt.
1291 2381 1389 2450 antici
1419 2379 1573 2454 Elathnrti
1599 2399 1631 2454 et
1650 2381 1868 2456 celeberrimi
1889 2383 2058 2460 Schraderi

431 2497 631 2600 Liehenibus
660 2499 823 2576 exsiccatis
849 2497 979 2576 adferre
1007 2503 1196 2601 potuerim,
1235 2527 1313 2576 nam
1352 2507 1473 2578 borum
1497 2505 1659 2584 Virorum
1684 2509 1910 2604 Colledliunet
1935 2511 2058 2610 publici

432 2619 654 2738 iurissadas,
680 2634 776 2704 omni
802 2626 947 2702 adhibita
972 2655 1066 2713 cura,
1091 2632 1236 2727 integrat
1268 2653 1462 2729 comparare
1491 2629 1606 2706 srullra
1633 2653 1770 2707 conatus
1801 2629 1885 2711 sutts.
1946 2635 2058 2714 Doled

432 2771 532 2840 etium
556 2755 648 2862 quod
682 2759 808 2843 variae,
845 2751 1017 2852 singularis
1047 2757 1141 2852 pretii
1165 2755 1350 2829 Licheuuur
1376 2757 1602 2832 Colletllioues
1630 2785 1670 2834 ex
1694 2761 1835 2860 Anglia,
1867 2765 2058 2854 Germania,

433 2887 538 2964 Gallia
573 2881 757 2959 aussraliori
787 2899 818 2955 et
843 2885 1021 2976 Pyrenaeis
1048 2883 1089 2955 ab
1114 2885 1229 2954 amicis
1257 2879 1437 2958 clarillimis
1471 2889 1590 2986 partim
1621 2879 1816 2986 promill'ae,
1848 2893 1969 2988 partim
1992 2897 2059 2988 jam

432 3009 544 3092 millae
564 3029 596 3085 et
620 3006 716 3082 valde
743 3003 958 3095 desideratae,
990 3005 1144 3083 nondum
1177 3005 1359 3098 advenere,
1390 3006 1821 3112 quaudoblanuscripturn
1850 3015 1939 3087 Libri
1973 3021 2059 3116 typia

431 3144 642 3219 committere
676 3157 795 3234 cogor.
860 3137 1017 3234 loprimis
1058 3158 1139 3208 vero
1178 3131 1281 3210 doleo
1313 3139 1497 3210 Liclrenum
1526 3141 1789 3230 Pyrenaicoruut
1823 3159 1854 3212 et
1885 3162 2057 3216 novorum
2136 3149 2143 3160 '

429 3263 687 3370 supelledliletu,
730 3285 832 3362 quam
865 3281 941 3338 ante
977 3289 1105 3336 aunum
1137 3259 1179 3336 ad
1209 3289 1264 3336 nse
1291 3267 1420 3336 mittere
1456 3261 1578 3360 placuit
1610 3257 1736 3338 Clariis.
1760 3267 1853 3340 Dno
1880 3261 2057 3343 Prosessori

432 3399 525 3470 saeos
550 3393 599 3462 La
621 3381 811 3483 Peyroose‚
838 3392 873 3461 in
898 3392 1015 3462 itinere
1049 3389 1348 3488 perturbationibus
1381 3385 1504 3464 bellicis
1536 3395 1749 3491 interceptam
1780 3418 1820 3465 ac
1851 3389 2059 3480 retardatam,

432 3542 490 3596 me
515 3513 556 3593 ad
584 3520 676 3590 banc
706 3537 808 3615 usque
839 3510 930 3588 diem
960 3511 1050 3590 nand
1082 3509 1248 3616 accepisse.
1312 3519 1371 3589 Sin
1397 3519 1459 3591 bac
1485 3513 1602 3591 uellate
1625 3513 1819 3592 advenirent
1848 3521 1908 3592 lras
1945 3541 2059 3622 garae,

432 3643 673 3748 Supplernento
695 3637 871 3717 inservient
896 3638 1161 3744 opusculumque
1184 3643 1406 3717 coronabunt.

541 3825 631 3904 Quas
651 3825 698 3893 uti
722 3816 858 3912 dubias,
885 3837 981 3920 atque
1007 3822 1160 3920 inprimis
1185 3816 1227 3892 ad
1253 3818 1357 3896 linem
1382 3810 1608 3920 quorumdam
1637 3821 1807 3894 Generum
1835 3815 1955 3924 speeies
1981 3849 2060 3898 enu-

431 3953 575 4032 meravi,
607 3923 703 4047 ligno
730 3951 833 4021 crucis
857 3944 906 4042 (ι)
930 3954 1056 4022 notavi.
1121 3949 1251 4022 Harum
1271 3966 1325 4020 aut
1351 3973 1421 4022 nou
1445 3942 1517 4020 satis
1542 3942 1705 4044 completa
1726 3950 1807 4020 milti
1834 3943 1970 4023 adsuere
1992 3947 2061 4050 spe·

431 4083 573 4164 cimina,
600 4093 656 4148 ant
678 4074 741 4148 alia
767 4076 882 4172 quavis
912 4077 1040 4148 ratione
1063 4069 1208 4174 suspec‘la
1231 4069 1297 4146 visa
1320 4067 1410 4159 suut,
1444 4097 1543 4173 quare
1570 4071 1655 4144 nilsil
1681 4077 1760 4144 certi
1785 4069 1825 4146 de
1848 4079 1886 4146 iis
1910 4100 2061 4176 pronun·

430 4205 517 4279 siste
545 4201 648 4279 volui,
707 4203 768 4270 Sin
795 4197 914 4296 aliquia
947 4201 1064 4274 barum
1086 4195 1267 4297 possessor,
1302 4226 1434 4274 mecum
1466 4197 1666 4300 esternplatia
1696 4193 1840 4298 persetila
1870 4205 2061 4276 communi·

432 4357 505 4406 eure
529 4327 648 4414 vellat,
669 4331 697 4398 is
719 4321 1000 4400 oassrtcttffimum
1024 4345 1057 4400 ct
1083 4325 1301 4429 gratissimum
1322 4353 1378 4400 me
1405 4331 1559 4404 inveniet.

535 4507 695 4579 Liclserses
731 4495 802 4574 niso
832 4495 1012 4574 sormativo
1042 4499 1139 4576 valdo
1170 4501 1297 4576 efficaci
1332 4497 1533 4600 gaudentes,
1568 4499 1643 4576 ideo
1680 4505 1828 4576 inaximo
1861 4501 1904 4578 ad
1928 4531 2063 4582 concre-

430 4633 587 4710 leentiam
609 4653 686 4702 cusu
714 4629 872 4702 munibus
899 4622 964 4701 suis
990 4631 1136 4729 partibus
1164 4629 1328 4730 proclives
1358 4621 1422 4702 cll'c
1452 4649 1549 4729 atquc
1584 4627 1948 4708 multimodarum·
1979 4629 2062 4720 all'u.

1958 4783 2064 4852 utere,
