4398 5524
670 997 879 1074 uenus
931 997 1151 1076 xxvrrr.

418 1221 1397 1322 NEPHROMA.

605 1505 610 1515 ,
720 1477 1111 1506 *ψ’-

664 1681 890 1756 Cbareiier
926 1683 1159 1756 Naturalia.

119 1833 353 1902 benaurctuut
377 1825 620 1902 subrenisocme
648 1833 727 1901 hinc
755 1824 920 1918 retusum,
960 1833 1270 1917 membranaceum,
1301 1827 1533 1905 totum'tballo
1561 1828 1721 1905 ednatnm

214 1925 318 1999 subtus
343 1929 383 1998 ab
406 1955 448 2000 co
472 1930 621 2001 vestitum
653 1933 868 2026 margineque
890 1928 1078 2002 tenuiibmo
1103 1928 1245 2028 superne
1266 1931 1374 2006 libero
1396 1937 1555 2024 incurvo,
1589 1929 1720 2006 insertae

210 2027 344 2100 distante
360 2025 545 2102 subclevato
565 2025 658 2102 seiirli
684 2031 854 2116 cincium,
879 2027 969 2103 disco
984 2032 1098 2128 amplo
1115 2034 1226 2127 piano.

214 2156 347 2227 Lamina
361 2158 530 2250 preligare
553 2149 680 2224 discum
704 2169 735 2222 et
755 2170 862 2224 totum
881 2151 954 2227 sere
974 2159 1185 2252 apothecium
1206 2149 1299 2251 supra
1316 2155 1533 2250 constituens,
1558 2155 1647 2227 thalli
1668 2155 1720 2228 lo·

209 2255 274 2326 bnii
293 2253 435 2350 pattialis
452 2259 590 2350 paginae
606 2256 777 2348 posteriori
796 2248 848 2326 seu
865 2251 992 2326 aversae
1013 2255 1262 2326 horizontaiiter
1277 2250 1411 2336 adnata,
1445 2261 1479 2326 in
1495 2257 1618 2328 ambitu
1636 2283 1719 2328 mar·

208 2360 279 2450 gine
295 2357 429 2426 tbeiiueie
441 2351 483 2424 ad
499 2359 626 2449 apicem
645 2353 789 2424 laminae
804 2354 955 2439 inflexo,
981 2351 1110 2425 inseme
1127 2354 1187 2443 (ad
1202 2351 1289 2426 bastn
1307 2353 1427 2444 iobuli)
1451 2377 1582 2430 remoto
1602 2380 1721 2453 parum

213 2453 357 2536 elevato,
382 2455 507 2536 ciniim
533 2454 746 2526 membranula
766 2455 912 2528 colorata
940 2455 1040 2544 resim
1072 2455 1189 2554 plana,
1214 2451 1373 2552 simplex,
1398 2462 1524 2544 tenuie;
1549 2458 1722 2553 perentiy·

210 2569 289 2626 maie
303 2548 546 2647 subgelatiuoso
564 2547 706 2626 cellulos
723 2609 734 2631 .

217 2679 357 2771 Gmgyli
375 2681 460 2746 intra
481 2671 684 2748 substantiam
703 2679 859 2748 Laminac
877 2678 1066 2774 proligerae
1079 2675 1265 2753 nidulantee
1281 2677 1361 2752 nudi
1383 2675 1501 2778 spatii,
1523 2685 1625 2779 inque
1648 2679 1724 2754 cel·

216 2772 287 2846 iulia
300 2777 461 2872 elongatis
479 2769 665 2847 subclevatis
680 2775 872 2850 tenuissimis
889 2777 1013 2854 inclusi.
1778 2803 1782 2812 ’

126 2897 287 3070 Tnaucpc
313 2900 565 3070 mppmbranaceo
580 2944 593 2962 ·
610 2905 776 2974 coriaceus
804 2898 963 2973 soliaceus
986 2903 1136 2987 iubatus,
1171 2899 1280 2978 subtus
1304 2898 1529 3004 lanuginem·
1546 2896 1726 3002 pubescens

216 3021 252 3068 ee
289 3023 335 3070 nu
362 3023 411 3072 us.

641 3173 1173 3196 mm

703 3363 1126 3447 Observationes.

122 3498 435 3688 Consormatioue
448 3524 712 3620 Apothecioruut
727 3517 935 3594 Peitideis
949 3515 1069 3591 similes
1084 3514 1157 3590 sunt
1173 3521 1458 3608 Nemeorum,
1484 3516 1569 3592 adeo
1584 3536 1621 3590 ut
1634 3514 1725 3589 idem

221 3626 285 3694 boc
312 3621 392 3694 loco
416 3645 579 3719 repetere,
601 3617 842 3719 supersederem
889 3618 1034 3694 Sufficiat
1057 3622 1151 3705 heic,
1178 3619 1398 3693 differentiam
1421 3625 1634 3705 Genericam,
1658 3643 1721 3712 qua

122 3724 376 3814 Nepbromae
400 3751 416 3792 a
439 3722 643 3796 Peltideis
663 3717 889 3806 secluduntur,
904 3725 1016 3817 paucis
1036 3745 1209 3817 exponere.
1263 3719 1638 3817 ApudNepbromae
1662 3720 1723 3784 Ln-

122 3825 197 3894 mina
212 3823 379 3919 proligera
399 3820 589 3896 renisormie
602 3823 646 3894 esi
663 3824 714 3894 vei
732 3820 860 3894 inferne
881 3822 1098 3920 utplurimum
1116 3817 1203 3919 quasi
1225 3817 1346 3905 retusa.
1381 3842 1447 3893 tota
1474 3813 1724 3892 horizontalitec

122 3919 220 3993 adnata
238 3921 341 3994 lobuli
360 3928 499 4018 paginae
512 3923 652 4020 posiicae
674 3919 727 3996 seu
748 3919 933 4007 inferioris,
962 3949 1026 3994 nec
1042 3921 1174 4020 oblique
1198 3941 1229 3993 et
1244 3919 1396 3992 insubuli
1415 3927 1522 3992 antica
1538 3938 1627 4013 parte
1643 3909 1722 3995 sita3

122 4047 229 4116 margo
247 4021 427 4110 tbellodee‚
449 4029 504 4120 qui
522 4029 583 4096 toti
599 4024 739 4096 ambitui
752 4024 894 4096 laminae
908 4027 1152 4122 approximatuu
1173 4021 1217 4092 est
1237 4026 1271 4092 in
1293 4019 1496 4094 Peltideis
1514 4039 1547 4087 et
1569 4021 1657 4087 lrunc
1672 4017 1723 4082 in·

120 4125 187 4194 time
199 4125 411 4194 circumcirca
428 4128 531 4222 cingit
548 4145 644 4224 atque
661 4125 799 4196 inflexus
817 4149 893 4195 eum
912 4129 1002 4220 tegit,
1028 4120 1114 4218 apud
1132 4126 1337 4218 Nepbromas
1358 4117 1453 4191 iimiii
1468 4117 1600 4216 quidem
1616 4109 1723 4182 modo

119 4225 148 4290 in
161 4219 325 4318 segmento
350 4224 451 4317 epicis
477 4222 705 4297 conformatus
730 4245 863 4322 apparet
885 4233 930 4312 (et
952 4219 1194 4309 subruentes),
1223 4241 1255 4292 at
1279 4215 1426 4301 inferne,
1454 4223 1507 4290 ubi
1527 4225 1559 4288 in
1581 4210 1647 4312 ipsa
1669 4235 1722 4307 pe·
1866 4267 1872 4278 ·

118 4326 183 4412 gina
203 4321 305 4392 iobuii
324 4321 465 4396 uitetum
480 4326 621 4398 laminae
636 4321 842 4422 segmentum
866 4319 1009 4396 retusum
1023 4324 1165 4394 locatum
1187 4320 1251 4407 esi,
1285 4345 1403 4413 margo
1422 4318 1579 4392 thallodee
1596 4316 1637 4384 ab
1653 4335 1722 4380 nm·

117 4421 173 4535 bitu
196 4422 337 4492 laminae
352 4445 521 4517 remotus,
548 4451 666 4526 parum
685 4426 827 4502 elevatus
853 4445 888 4498 ct
905 4429 1051 4499 omuino
1066 4417 1196 4511 sessiiie,
1216 4447 1280 4495 uec
1299 4421 1461 4505 iuflexus,
1485 4415 1543 4491 seb
1565 4410 1659 4488 valde
1678 4427 1723 4488 te,

115 4543 177 4590 uun
198 4543 355 4597 cernitur.

1050 4675 1086 4746 o
1106 4694 1130 4763 3
1580 4658 1722 4732 Thaliae
