4398 5524
1048 1001 1252 1080 GENUS
1303 1003 1492 1079 xxvtt.

833 1211 1784 1316 PELTIDEA'

1077 1458 1447 1488 μιν*

953 1678 1233 1756 Char'aller
1290 1675 1586 1754 Naturalia.⁸

459 1833 712 1903 aroannam
734 1823 952 1900 orbiculatum
974 1829 1262 1899 membranaceum
1282 1847 1388 1899 totum
1412 1825 1545 1924 oblique
1571 1821 1672 1896 tballo
1695 1822 1873 1908 adantum,
1908 1819 2017 1900 subtus
2038 1827 2082 1900 ab

574 1954 615 2000 eo
636 1929 784 1999 vellitum
805 1935 1019 2024 margincque
1042 1933 1129 1998 tenui
1147 1931 1225 1998 hinc
1246 1927 1371 2000 elevato
1391 1923 1504 2008 scffui,
1537 1919 1676 2024 superne
1700 1926 1830 2010 libero,
1867 1927 1993 2000 inflexo
2013 1935 2083 2012 cinq

575 2031 688 2118 llum,
714 2026 805 2099 disco
820 2028 934 2123 amplo
947 2029 1059 2123 plano.

573 2149 714 2224 Lamina
731 2157 898 2248 praiigrra
915 2146 1040 2222 discum
1062 2171 1096 2222 et
1120 2171 1227 2222 totum
1249 2146 1318 2222 lere
1338 2154 1549 2248 apotheeiunr
1573 2145 1667 2248 snpra
1691 2145 1890 2238 efformem,
1916 2150 2008 2224 thalli
2032 2149 2083 2223 lo-

574 2249 655 2322 bulo
674 2250 827 2344 singulari
843 2251 998 2346 elongato
1017 2256 1219 2348 paginaeque
1242 2249 1387 2342 ejusdem
1409 2247 1568 2348 superiori
1585 2249 1724 2335 adnata;
1758 2255 1853 2336 hinc,
1878 2247 1931 2320 seu
1951 2249 2085 2324 inferne

576 2349 697 2421 elevata
714 2350 821 2439 (unde
841 2356 908 2441 ejus
925 2349 997 2420 fitur
1016 2357 1168 2446 tantisper
1183 2352 1366 2446 obliquus),
1394 2357 1426 2420 in
1442 2354 1566 2420 atrabitu
1586 2359 1727 2446 margine
1742 2351 1878 2422 mattam
1900 2355 1990 2421 tenui
2005 2375 2085 2446 pro·

577 2453 725 2520 minente
748 2447 933 2521 subiatleao
957 2453 1081 2534 cinon
1112 2454 1319 2521 membranula
1343 2450 1491 2522 colorata
1507 2449 1610 2536 tella,
1635 2451 1754 2547 plana,
1773 2445 1931 2545 limpha,
1956 2454 2087 2542 tenuir;

568 2553 812 2645 parmciymate
831 2545 1074 2646 subgelatinoso
1093 2543 1267 2619 celluloso·
1280 2549 1402 2626 llriato.

579 2672 723 2766 Gongylr'
735 2676 817 2742 intra
832 2669 1035 2744 subllantiatn
1055 2676 1212 2744 Laniare
1227 2674 1412 2772 proligerae
1428 2671 1610 2748 nidulantet
1625 2669 1705 2744 nudi
1722 2675 1823 2768 inque
1839 2671 1964 2746 cessuiia
1978 2671 2087 2746 tiriae·

577 2763 741 2842 formibus
765 2770 955 2844 tenuilfirnia
977 2769 1106 2849 inclusa.

469 2891 652 2965 'ruricus
680 2895 937 3068 meprbsraplaceo
952 2941 963 2959 -
979 2902 1146 2970 coriaceus
1175 2891 1333 2970 foliaceur
1359 2894 1514 2982 labatur,
1549 2893 1659 2969 subtus
1685 2891 1910 2994 lanuginoso·
1927 2891 2084 2986 aenosueg

578 3016 655 3066 rrro
682 3019 727 3067 nu
753 3021 819 3066 auc
857 3021 908 3076 ue.

1069 3393 1490 3475 Observationes.

469 3522 678 3712 Lichener
703 3552 787 3618 iuter
807 3543 1110 3631 Coenotbalarnos,
1146 3549 1285 3620 Lamina
1309 3543 1474 3620 discoidea
1497 3564 1529 3618 et
1553 3551 1703 3645 margine
1728 3545 1876 3620 thallode
1900 3549 2086 3638 inllruilon

586 3647 862 3718 memorabilium
886 3643 1058 3742 singularia
1080 3641 1155 3718 sunt
1179 3648 1234 3719 illa
1256 3650 1399 3734 Genera,
1434 3673 1576 3743 quorum
1595 3651 1774 3744 Apotbccia
1795 3675 1813 3717 e
1832 3653 1966 3724 Laurina
1984 3651 2086 3746 proli.

472 3770 549 3842 gera
567 3741 633 3817 sola
651 3743 738 3842 quast
753 3745 923 3818 constituta
939 3742 1167 3818 observantur:
1193 3748 1463 3818 Urceol‘rriar
1482 3747 1621 3842 loquor,
1647 3745 1875 3833 Peltideas,
1903 3751 2088 3844 Neplrro·

471 3871 556 3916 urar
574 3865 606 3917 et
622 3843 873 3923 Dusourcas.
924 3849 995 3916 Hae
1013 3844 1088 3916 irleo
1111 3843 1313 3941 potissimurn
1335 3843 1378 3916 ad
1400 3849 1556 3917 Licbcnes
1574 3846 1859 3920 Coenotbalanros
1882 3845 1995 3920 referri
2014 3847 2087 3944 pol·

472 3939 567 4032 lunt,
595 3945 813 4046 quodearurn
833 3946 952 4015 lamina
975 3946 1138 4043 proligera
1161 3941 1256 4014 lirnul
1276 3950 1426 4043 margine
1449 3943 1594 4046 quodam
1620 3943 1763 4018 tballode
1782 3949 1906 4034 cincla,
1933 3971 1964 4020 et
1984 3951 2088 4022 bocca

473 4043 582 4118 rnodo
602 4044 646 4118 ad
665 4051 833 4144 apothecia
850 4051 969 4116 borum
984 4047 1149 4116 Generum
1166 4039 1341 4117 formanda
1361 4043 1475 4117 tballue
1497 4041 1565 4143 ipse
1583 4045 1783 4144 aliquantum
1805 4043 1955 4122 conferre
1979 4049 2089 4122 videa·

474 4165 536 4216 tur.
589 4146 639 4220 nd
655 4145 932 4239 compositionem
948 4148 1196 4243 apotheciorum
1215 4148 1248 4214 in
1268 4147 1398 4243 reliquia
1418 4149 1600 4217 Lichenum
1615 4148 1956 4220 Coenotbalamotum
1981 4155 2089 4224 Gene-

474 4245 583 4332 ribus,
607 4243 790 4319 Diseoideir
808 4271 948 4342 nempe,
973 4244 1169 4318 evidentiori
1182 4243 1288 4317 modo
1304 4247 1441 4318 thallum
1459 4243 1643 4320 conducere
1661 4247 1768 4343 palam
1789 4253 1994 4324 invenimur.

589 4443 642 4520 Ad
672 4443 894 4540 recipiendam
919 4445 1094 4512 Laminam
1120 4439 1341 4536 proligeram,
1378 4461 1415 4512 ut
1443 4445 1485 4511 ita
1511 4439 1636 4528 dicam,
1678 4449 1710 4514 in
1738 4441 1948 4516 Peltitleae
1969 4465 2001 4520 et
2023 4450 2088 4520 Ne·

476 4552 639 4652 pumma
655 4549 802 4631 canere,
829 4543 1069 4644 prolongantur
1087 4541 1177 4612 thalli
1198 4546 1362 4639 margines
1389 4546 1425 4614 in
1442 4541 1572 4616 tabutas
1586 4543 1760 4668 partiales,
1784 4543 1905 4620 lamina
1920 4543 1991 4645 ipl'a
2003 4545 2091 4620 lraurl

1944 4649 2092 4740 latiores,
