4466 5536
393 421 455 516 App
1113 427 1311 478 sororum.

517 607 698 708 Aporbeeia
714 601 804 678 nulla
819 598 990 676 accessoria
1004 606 1039 675 in
1057 602 1122 675 boc
1138 606 1266 676 Genere
1287 597 1454 676 observata
1469 601 1553 682 sunt.

519 802 553 872 Si
570 802 810 886 obuariantem
836 794 1048 868 vesicularum
1074 792 1220 868 sormam
1244 802 1326 868 intra
1345 798 1515 894 apotlrccia
1538 797 1769 870 Solorinae
1789 819 1966 870 croceae
1990 813 2023 869 et

407 902 440 971 S.
464 893 483 970 s
486 922 673 984 necatae,
698 906 753 972 saar
779 894 898 995 species
923 893 981 966 sub
1003 895 1159 968 dislinslis
1181 901 1361 968 Gettctibue
1382 890 1584 992 separarem,
1617 904 1744 970 incaute
1765 890 2022 994 inconsultoque

408 998 623 1097 procederem
648 1002 731 1071 bene
751 994 915 1094 perspcdla
942 999 1058 1066 harum
1080 1000 1220 1093 partium
1242 997 1458 1068 inconstantia
1479 1004 1512 1068 in
1533 1001 1714 1070 Generibur
1737 999 1807 1069 aliie
1833 993 2023 1068 naturalilli·

406 1105 492 1186 ruia3
518 1120 550 1171 et
564 1127 633 1171 non
650 1104 785 1192 majoris
803 1097 846 1167 est
863 1096 916 1168 illa
933 1091 1116 1166 differentia
1129 1095 1354 1166 Solorinae
1373 1091 1537 1167 saccata
1550 1123 1588 1182 e,
1614 1123 1697 1195 quae
1713 1102 1753 1168 ab
1770 1101 1949 1196 apotheciie
1965 1093 2021 1167 de-

407 1225 501 1270 mum
519 1193 826 1297 saccaro-depressis
841 1201 905 1295 peti
924 1189 1045 1291 poss'et3
1078 1221 1156 1266 nam
1186 1193 1301 1266 similia
1327 1191 1443 1266 adsunt
1459 1196 1552 1292 plura
1572 1199 1723 1294 exempla
1748 1203 1781 1270 in
1802 1198 1872 1268 aliie
1887 1200 2024 1268 Generi·

408 1300 485 1384 bus,
520 1326 624 1371 unum
651 1321 686 1370 ut
709 1294 857 1370 adseram
881 1297 1161 1390 Gyrophorne
1191 1294 1529 1392 Miihleubergii.
1594 1302 1636 1370 Et
1663 1297 1753 1369 thalli
1777 1318 1808 1369 et
1832 1299 2025 1395 apothecio-

407 1424 483 1469 rum
503 1402 612 1470 habitu
629 1404 671 1470 ita
688 1401 890 1471 conveniunt
905 1395 988 1465 duae
1007 1393 1100 1484 illae,
1125 1419 1203 1492 quae
1220 1390 1261 1464 ad
1278 1392 1451 1466 Solorinae
1471 1399 1582 1467 Genua
1601 1399 1695 1470 retuli
1719 1401 1869 1494 Species,
1898 1416 2026 1469 utnon

407 1497 536 1587 uilici,
568 1520 664 1598 atque
689 1520 818 1572 tantum
840 1497 885 1569 ol>
903 1491 1079 1568 leviffimas
1101 1515 1133 1568 et
1153 1515 1238 1568 certe
1255 1496 1300 1566 ob
1321 1495 1427 1566 nullae
1453 1495 1577 1569 validae
1603 1494 1851 1598 discrepantiae,
1881 1491 2024 1597 separari

409 1594 542 1696 possint.

514 1785 693 1862 Praesentia
713 1786 925 1862 vesicularum
944 1794 978 1860 in
995 1789 1173 1884 apotheciir
1193 1808 1226 1863 et
1241 1790 1331 1864 thalli
1353 1786 1534 1862 diversitate
1552 1794 1704 1864 innititur
1718 1787 1903 1864 differentia
1922 1786 2024 1864 essen·

409 1888 490 1963 tialia
517 1895 601 1962 inter
628 1895 861 1962 Artlaouiae
883 1912 915 1962 et
940 1890 1173 1964 Soloriuae
1198 1895 1338 1966 Genera.
1405 1893 1665 1985 Apotheciornm
1693 1889 1750 1964 srtu
1780 1913 1811 1964 et
1834 1893 1940 1988 ligura
1962 1915 2025 1974 uec

407 2015 479 2064 non
504 1986 644 2062 absentia
661 1995 820 2087 marginis
840 1988 994 2062 thallodie
1016 1997 1190 2090 praecipue
1215 1988 1374 2066 differunt
1398 1991 1627 2066 Solorinae
1655 2019 1674 2066 a
1696 1991 1923 2078 renidere,
1951 1995 2024 2068 Ne·

407 2095 601 2190 phromit
623 2111 655 2164 et
676 2093 892 2165 Cetr'ariir.

415 2303 421 2314 “
519 2289 653 2358 Nomen
670 2256 958 2357 Generisacottoc
974 2279 1111 2356 discus
1134 2280 1158 2362 s.
1182 2288 1298 2358 orbis
1315 2305 1347 2358 et
1370 2291 1454 2380 prior
1472 2284 1492 2359 s
1494 2308 1631 2362 cutum
1658 2267 1857 2366 desumtum.
1909 2289 2023 2360 Deuo-

408 2389 548 2459 minatio
564 2390 711 2458 habitum
727 2380 954 2458 seutisormem
974 2385 1192 2459 orbicularem
1208 2391 1459 2485 apotheciorunr
1482 2388 1644 2488 indigitat.

520 2581 598 2650 Hoc
619 2578 730 2650 Genus
756 2577 814 2652 sub
835 2574 869 2651 se
886 2577 1138 2676 comprehendit
1158 2583 1402 2654 Peurroertne
1428 2586 1589 2680 Speciem.
1614 2579 1757 2660 Hofm.
1793 2619 1834 2640 -
1893 2585 2023 2656 Penur-

409 2701 507 2750 πη
524 2683 579 2778 Sp.
601 2683 743 2752 richar.
766 2685 798 2750 in
818 2683 921 2754 Meth.
945 2685 1034 2756 Lich.
1073 2717 1111 2736 -
1163 2689 1395 2756 Anrnomae
1414 2687 1545 2784 Species
1573 2688 1717 2764 Achar.
1743 2709 1796 2784 ap.
1821 2679 2022 2758 Schrade-

407 2802 503 2850 rurn
521 2782 557 2852 in
573 2783 616 2854 N.
630 2783 748 2867 Jouro.
768 2777 794 2857 s.
819 2778 852 2856 d.
872 2783 991 2856 Botan.
1021 2786 1102 2858 1.B.
1131 2803 1163 2872 3.
1177 2785 1223 2858 St.

873 3067 1188 3170 Explicatio
1237 3075 1558 3176 Figuratum}

1133 3279 1241 3352 Teb.
1267 3279 1294 3353 l.

410 3475 472 3552 sig.
488 3485 520 3550 5.
566 3480 603 3539 Α.
627 3475 798 3540 Solorinne
813 3497 944 3541 croceae
964 3478 1150 3560 apothecinrn
1178 3499 1245 3540 curn
1268 3491 1352 3562 parte
1371 3477 1545 3558 subjacentis
1561 3475 1646 3542 thalli
1662 3474 1947 3565 perpendiculariter
1965 3470 2022 3536 dis·

634 3579 740 3644 senum
749 3625 761 3656 ,
779 3582 980 3663 magnitudine
995 3580 1082 3644 valde
1095 3584 1226 3649 aricium.

572 3711 606 3774 B.
626 3715 693 3772 ens
713 3713 864 3793 apothecis
887 3725 917 3771 et
941 3707 1026 3777 thalli
1049 3709 1180 3788 ejusdem
1205 3711 1342 3774 Lirhenir
1361 3729 1519 3792 augmento
1542 3712 1639 3776 adhue
1662 3715 1788 3792 majori.'

614 3860 637 3910 ο,
653 3861 680 3900 a.
703 3840 801 3924 Ipsum
822 3841 1010 3924 apothecinnr
1031 3839 1165 3919 gongylir
1179 3840 1269 3902 nudie
1287 3837 1489 3906 niduluntibur
1509 3847 1590 3906 intur
1606 3843 1719 3906 scatens
1734 3859 1825 3938 atque
1838 3845 1916 3906 intre
1932 3835 2025 3902 celtu·

664 3943 707 4006 lar
721 3943 863 4023 oblongas
882 3944 1008 4007 clevatae
1020 3943 1279 4030 perpendiculares
1291 3946 1403 4032 sparsae
1416 3947 1548 4012 inclusit.

616 4075 643 4136 b.
655 4075 683 4135 b.
708 4073 869 4137 Substantia
886 4073 1039 4137 corticalie
1054 4073 1139 4136 thalli
1155 4095 1224 4138 curn
1239 4076 1374 4156 pongylie
1389 4079 1478 4142 nudie
1492 4084 1569 4142 intra
1582 4101 1647 4142 earn
1661 4077 1876 4142 nidulantibur.

617 4222 643 4263 c.
657 4225 682 4263 c.
702 4204 864 4266 Substantia
877 4203 1051 4266 medullaris
1064 4201 1115 4266 scu
1134 4203 1282 4269 vasculosa
1299 4204 1404 4280 thalli,
1430 4208 1586 4271 snbstarrtia
1611 4206 1743 4272 corticali
1760 4207 1863 4269 subrue
1876 4201 2024 4264 destitute.

573 4345 608 4404 C.
632 4339 766 4403 cellulae
785 4363 823 4404 ex
839 4347 990 4428 apotheosi
1015 4346 1240 4422 parenehymate
1260 4347 1413 4408 dcsurntae
1435 4361 1464 4407 et
1485 4345 1641 4428 separatim
1664 4345 1756 4408 visae.
1806 4349 1920 4408 Harum
1945 4343 2022 4406 aliae

622 4443 771 4508 solitariae
789 4443 827 4526 (a.
842 4447 886 4530 a.)
903 4447 981 4508 aliae
999 4445 1122 4528 oblique
1142 4467 1280 4510 cannatae
1299 4449 1346 4528 (b.
1359 4449 1410 4530 b.)
1428 4465 1458 4512 et
1477 4449 1624 4535 quaedem
1643 4467 1757 4513 vacuae
1774 4449 1795 4512 s.
1820 4447 1956 4530 penulis
1971 4445 2025 4509 de·

627 4551 746 4614 ilitutae
764 4553 825 4633 (e.)
837 4549 983 4633 plurimae
997 4568 1069 4615 vero
1088 4550 1231 4632 gonaro·
1249 4551 1446 4618 includentes.

1917 4715 1980 4793 sig.
1995 4711 2030 4778 6.
