4466 5536
694 476 745 528 nr
761 477 903 530 nonunt
934 477 1241 538 ranrrnarrnun.
1480 471 1487 486 “
1734 481 1778 554 13

141 646 324 746 radiorum
342 655 530 742 genituram
545 648 724 728 masculam
737 651 801 730 effe
816 652 950 730 lvadent
966 653 1101 755 qnidam
1124 658 1296 754 apotbecia
1318 651 1498 733 snrediiera
1514 661 1614 732 Vari
1623 681 1644 732 ο
1656 653 1740 732 lari
1748 685 1782 734 a·

140 779 240 826 rum
260 755 316 824 ubi
337 750 432 852 supra
449 755 609 840 laminam
621 752 779 830 inclusam
795 755 901 830 locata
917 752 991 831 lunt
1009 754 1076 856 ipsa
1090 755 1256 848 Sotadi„
1289 755 1345 832 sed
1366 787 1469 860 quarn
1488 761 1613 834 multae
1633 785 1704 835 non
1726 785 1778 834 re·

143 850 474 953 periunturspeeier,
501 854 645 931 Sorediia
661 859 856 944 instructae,
882 863 916 932 iu
937 862 1054 958 quibua
1076 859 1167 932 nulla
1186 849 1338 956 ¹uuquam
1362 858 1532 934 obseruata
1549 859 1779 960 luntapotlre·
1930 929 1935 942 .
2021 843 2026 852 ι

142 964 195 1028 cia
213 982 293 1031 vera
308 957 363 1030 rel
380 957 445 1030 alia
457 951 584 1032 srudlua
599 956 735 1058 vestigia
747 991 789 1014 -
805 981 836 1032 et
849 966 914 1036 boc
928 945 1166 1048 nonobllante
1183 995 1223 1018 ··
1240 957 1309 1035 sele
1325 961 1456 1038 abunde
1468 964 1720 1064 propagantes?

260 1205 444 1304 Apothecia
460 1209 495 1277 iu
511 1228 632 1304 genere
646 1221 774 1304 uatum
790 1223 826 1278 ut
844 1201 1110 1280 modificationes
1125 1204 1222 1308 ipliur
1240 1205 1331 1282 thalli
1350 1203 1405 1282 seu
1424 1197 1571 1305 ejusdem
1587 1203 1776 1283 exerescen'·

144 1308 209 1376 tiae
229 1307 412 1406 peculiares
426 1302 502 1380 suut
516 1303 736 1393 aellimanda,
760 1329 832 1379 nou
847 1330 923 1380 raro
939 1307 1084 1402 ejusdem
1102 1335 1178 1383 cum
1196 1311 1302 1384 thalla
1318 1331 1451 1384 natutae
1465 1332 1499 1385 et
1511 1308 1677 1397 fabricae,
1708 1305 1776 1388 sae·

147 1411 222 1506 pior
242 1433 301 1506 per
322 1429 464 1482 aetatem
485 1425 607 1480 romara
629 1426 727 1508 atque
746 1433 766 1478 a
783 1407 877 1482 tballi
893 1406 1025 1498 indole,
1051 1407 1076 1482 li
1096 1411 1247 1485 colorem
1272 1407 1533 1486 ustulatum
1560 1429 1775 1513 apparentem

146 1503 353 1604 respicimur,
377 1504 605 1684 discrepanpia.
653 1509 693 1580 lo
709 1511 760 1580 bia
775 1531 880 1608 aeque
893 1533 931 1580 ae
946 1513 981 1584 in
995 1511 1101 1586 thallo
1115 1507 1186 1610 ipso
1200 1503 1353 1612 Gor'rgyli
1367 1509 1426 1586 seu
1438 1517 1636 1612 propaginea
1652 1515 1777 1585 homo·

148 1633 271 1706 ganeae
292 1630 482 1686 occurrunt.
564 1607 652 1683 'balli
667 1604 874 1682 substantiam
892 1630 960 1684 tatu
975 1611 1166 1686 corticaleur
1185 1639 1285 1710 quam
1306 1609 1524 1688 medullarem
1541 1617 1575 1686 iu
1589 1613 1775 1712 Apotbeeia

150 1713 255 1792 abire.
283 1737 403 1786 eorum
427 1732 532 1786 totam
557 1735 755 1809 compagem
779 1711 976 1784 conllituere
997 1733 1030 1786 et
1052 1734 1178 1790 tantum
1195 1711 1252 1786 sub
1273 1710 1386 1788 forma
1400 1713 1462 1788 alia
1477 1712 1610 1791 taudem
1633 1705 1776 1786 manile·

149 1811 240 1900 llari,
267 1809 395 1886 affatim
412 1815 552 1910 probant
569 1815 724 1884 Lichener
744 1813 1017 1900 Homothalami,
1044 1839 1189 1916 quorum
1206 1817 1377 1913 apotlreeia
1391 1810 1628 1914 saepenumero
1645 1837 1687 1886 ne
1701 1815 1775 1911 qui·

150 1912 224 1984 dem
239 1914 357 1986 colore
371 1942 390 1985 a
405 1915 507 1988 thallo
522 1909 646 1986 diuerfa
663 1907 746 1987 sunt.
807 1915 918 1986 Plures
941 1910 1062 2012 species
1081 1907 1363 2012 Apotheciorurn,
1386 1911 1442 1988 seu
1463 1921 1572 1989 variae
1587 1911 1678 1989 thalli
1692 1933 1774 1987 evo·

148 2010 311 2102 lotiones,
337 2015 445 2114 figura
460 2037 493 2087 et
507 2013 662 2088 ssruuura
676 2018 802 2088 interna
822 2009 1010 2102 diffimilee,
1044 2020 1078 2088 in
1101 2043 1166 2088 una
1185 2009 1368 2117 eademque
1390 2011 1497 2116 speeie
1516 2041 1589 2090 non
1608 2039 1684 2090 raro
1711 2013 1772 2086 ob·
1788 2033 1791 2042 ’

150 2109 326 2194 serrantur.
385 2121 420 2190 Si
446 2119 525 2188 baec
545 2111 672 2188 frudlua
696 2111 833 2198 loreum·
850 2117 956 2188 bucce
974 2113 1080 2190 modo
1103 2139 1161 2190 eoa
1176 2123 1300 2192 variare
1317 2141 1425 2216 neque
1442 2143 1525 2217 opna
1541 2111 1637 2204 ell'et,
1662 2137 1772 2214 neque

153 2210 213 2286 lub
227 2217 372 2312 pluribua
391 2215 545 2299 diverlia,
569 2219 674 2314 iirque
690 2213 909 2288 constantibus
924 2211 1044 2290 formis
1058 2213 1213 2296 adeffeut.
1270 2216 1501 2316 Spedlteuluua
1524 2213 1594 2290 stne
1613 2215 1772 2311 exemplo

151 2318 185 2386 in
206 2321 362 2388 omnibus
378 2315 496 2414 plantia
513 2319 786 2413 pbauerogamir,
813 2316 929 2415 quibua
945 2313 1089 2390 lrudlum
1106 2323 1201 2390 uuiue
1222 2336 1349 2390 tantum
1373 2314 1506 2392 formae
1524 2345 1563 2391 ac
1579 2313 1722 2394 fabricae
1735 2319 1773 2392 in

152 2439 345 2518 unaquaque
359 2413 465 2517 speeie
480 2412 658 2509 sancitum,
684 2439 830 2518 eumque
848 2411 959 2492 solum
975 2421 1013 2490 iia
1030 2415 1219 2510 concellum
1235 2423 1438 2497 invenimur.

260 2645 398 2739 Organa
413 2637 680 2716 foecundatinnie
694 2643 878 2715 lichenum
898 2636 939 2730 (li
959 2665 1107 2741 nuquam
1126 2637 1344 2737 admittenda)
1359 2636 1506 2716 antheliu
1523 2663 1641 2714 eorum
1660 2633 1772 2712 solum

13 2747 14 2816 ζ
158 2735 428 2830 demonstrantia,
451 2737 593 2816 senfibua
609 2743 728 2816 nnllria
749 2741 800 2816 ael
815 2735 959 2816 omnino
977 2743 1096 2831 latere,
1121 2744 1174 2818 uel
1197 2745 1283 2818 clam
1299 2765 1332 2818 et
1345 2738 1457 2816 modo
1468 2739 1616 2844 quodam
1630 2739 1768 2817 foecun-

13 2843 15 2880 ¹
155 2839 291 2914 dationis
315 2844 576 2942 inperceptibili‚
609 2869 648 2916 ae
669 2869 687 2915 a
709 2843 915 2944 reliquorum
939 2845 1172 2944 vegetabilium
1206 2841 1307 2918 valde
1325 2839 1455 2916 diverso
1476 2866 1596 2916 eorum
1617 2841 1771 2915 officium

13 2995 15 3026 t
156 2948 288 3038 peragi,
308 2969 347 3014 ex
361 2951 428 3038 jam
448 2945 551 3017 alletia
567 2941 638 3016 satia
653 2964 749 3042 patet.
800 2943 1012 3018 Exillentiaur
1028 2967 1234 3044 organorum
1250 2941 1535 3031 fruclilicationir,
1562 2967 1601 3014 ex
1615 2941 1771 3036 analogia
1810 2993 1816 3004 „

13 3105 15 3126 ,
155 3041 337 3140 plantarum
362 3047 701 3142 pbaenogauriearum
725 3041 1036 3146 poffibilem'quafi,
1066 3068 1098 3118 at
1121 3051 1231 3118 minue
1253 3043 1458 3144 probabilem
1478 3039 1620 3117 reddunt
1643 3063 1770 3139 organa
1823 3043 1826 3050 '

13 3199 14 3210 ,
153 3148 392 3242 carpumorpba
414 3149 597 3218 Licbenum
621 3143 948 3231 ldiotlralamorum,
982 3164 1079 3242 atque
1100 3152 1266 3219 thecatum
1288 3164 1320 3218 et
1342 3140 1386 3217 fic
1410 3141 1577 3216 dictorum
1603 3137 1770 3216 seminum

13 3287 14 3338 ;
153 3242 270 3320 Hedrr.
287 3241 466 3344 praesentia
483 3251 518 3318 in
533 3245 727 3345 quibusdam
743 3245 885 3320 aliorum
902 3241 1085 3318 Licbeuum
1103 3249 1292 3344 apotheciie.
1344 3250 1386 3318 tt
1400 3269 1473 3316 eam
1487 3247 1631 3320 omnino
1648 3263 1770 3338 negare

13 3369 15 3422 t
152 3343 322 3420 ridentur:
349 3367 463 3420 natura
479 3365 512 3420 et
538 3344 667 3420 indolet
690 3347 812 3420 borum
836 3369 1044 3442 organorum
1064 3372 1142 3420 cum
1167 3345 1302 3446 reliquia
1327 3347 1470 3444 partibor
1496 3343 1587 3418 thalli
1607 3342 1770 3438 analogae

153 3445 233 3542 apud
270 3447 536 3545 quamplurimos
567 3450 722 3520 Licheuea
753 3445 1035 3520 Coeuothalauroa
1063 3467 1096 3522 et
1121 3453 1297 3546 praecipue
1324 3469 1442 3518 omnea
1472 3442 1770 3522 Homntbalamoa.

152 3549 273 3620 Nonne
287 3555 401 3646 itaque
419 3551 454 3618 in
473 3549 685 3627 bicbenibua,
712 3546 849 3646 aliisque
875 3551 974 3620 etiam
994 3547 1112 3645 plantis
1133 3549 1380 3645 cryptogamia‚
1412 3569 1553 3644 corpora
1574 3545 1650 3618 talia
1672 3567 1769 3640 orga-

138 3654 239 3736 nica,
265 3653 300 3720 vi
321 3646 463 3746 quadam
485 3652 582 3720 incita
603 3647 810 3746 prolificante
833 3641 887 3720 seu
911 3640 1063 3720 facultate
1086 3653 1263 3746 vegetatiea
1283 3645 1448 3746 praedita,
1483 3644 1621 3743 produci
1637 3663 1770 3744 queant,

153 3774 294 3846 quorum
316 3773 381 3846 ope
398 3754 597 3846 propagatio
612 3745 727 3848 speciei
750 3745 967 3820 adminillrari
983 3745 1077 3846 polllt
1092 3751 1212 3848 absque
1228 3747 1294 3822 ulla
1311 3747 1373 3820 alia
1390 3768 1421 3818 et
1442 3751 1571 3842 praevia
1586 3741 1768 3818 foecunda·

150 3855 258 3923 tione?
311 3849 616 3926 Foeeuudatiouem
635 3871 667 3922 et
682 3845 972 3922 fructificationem
990 3874 1064 3920 uon
1087 3846 1150 3922 ess'e
1176 3845 1286 3923 solum
1307 3869 1338 3920 et
1360 3851 1495 3919 unicum
1512 3869 1694 3943 corporum
1714 3865 1769 3912 or·

150 3957 344 4046 genicorum
366 3956 615 4050 propagatiouir
639 3945 780 4022 modum
803 3947 1029 4022 demonstrant
1055 3957 1090 4022 io
1111 3950 1229 4047 plantis
1248 3951 1319 4023 aliie
1346 3943 1595 4046 perfestioribua
1615 3945 1766 4026 Tubera,

150 4055 329 4141 Gemmae‚
354 4053 467 4124 Bulbi:
489 4079 544 4124 ·oe
563 4051 692 4139 dicam,
725 4047 817 4150 quod
835 4047 1016 4148 limplicior
1030 4051 1214 4124 Licbenum
1231 4073 1263 4124 et
1278 4050 1417 4122 aliarum
1434 4041 1651 4144 quarumdam
1675 4043 1769 4141 plau·
1814 4113 1819 4120 .

150 4173 248 4228 tarum
270 4157 602 4252 cryptogamiearum
626 4147 828 4254 organisatio
850 4154 964 4226 ouauia
985 4147 1168 4252 compofim
1187 4147 1455 4227 foecundationia
1479 4171 1604 4246 organa
1621 4148 1767 4219 omniuo

149 4255 318 4330 excludere
337 4253 496 4334 videatur.
856 4261 862 4271 '
952 4275 959 4294 ¹

251 4483 306 4554 Ex
321 4479 482 4554 omnibua
502 4485 568 4574 jam
587 4480 790 4567 memoratis,
815 4479 931 4578 iisque,
957 4499 1041 4576 quae
1055 4471 1097 4548 de
1113 4473 1246 4576 prillioa
1265 4499 1338 4550 mea
1353 4473 1535 4577 Lieltenum
1553 4464 1769 4568 dispofitione

149 4607 205 4677 pro
223 4603 255 4656 et
272 4601 391 4670 eontra
410 4579 509 4654 docte
527 4576 731 4682 disputarunt
746 4599 778 4652 et
793 4583 921 4678 opinati
939 4574 1014 4652 sunt
1027 4581 1174 4652 Botaniei
1193 4597 1225 4650 et
1247 4581 1357 4652 Amici
1379 4571 1562 4661 destillari,
1589 4573 1672 4644 bene
1688 4589 1768 4684 pen·

146 4679 256 4778 buria,
274 4705 392 4786 ¹atque
412 4684 480 4758 illia
502 4676 782 4760 observationibus
803 4677 968 4771 eruditur,
993 4705 1072 4780 quaa
1090 4679 1256 4752 inllituete
1278 4677 1335 4751 alii
1359 4673 1550 4750 dexterrimi
1566 4690 1599 4743 et
1618 4676 1653 4744 in
1674 4670 1765 4740 lutee

1120 4783 1151 4854 c
1177 4799 1198 4870 3
1671 4765 1767 4840 rebue
1905 4803 1907 4808 ·
