4398 5524
425 401 497 464 ποῦ
1127 408 1346 458 ornostaor.

424 615 494 661 non
521 612 595 659 raro
617 579 830 685 subglohosa‚
858 580 986 682 semper
1003 601 1112 654 autern
1130 579 1218 680 quali
1240 580 1379 680 capitula
1396 575 1556 662 formant,
1583 575 1741 676 podetiis,
1764 580 1880 678 quihus
1902 576 2056 666 iniissent,

423 689 530 762 multo
546 691 679 776 latiora,
705 685 864 784 simplicia
884 688 937 758 vel
955 707 1178 784 aggregarant
1198 689 1466 778 conglomerata,
1501 707 1576 751 raro
1599 683 1719 774 absque
1746 679 1885 778 podetiis
1911 679 2056 755 subselli-

305 854 312 865 .
422 791 477 865 lia.
533 794 691 860 luminae
710 791 896 885 proligerae
915 789 1010 859 color
1026 781 1095 856 sere
1116 779 1242 880 semper
1261 783 1362 854 dilute
1385 782 1435 854 vel
1458 777 1595 853 obscure
1611 777 1777 854 subfuscus
1795 801 1849 853 aut
1869 791 2057 868 coccineus,

299 872 307 889 ⁵
422 899 490 986 ejus
514 885 686 962 subllantin
710 895 836 960 interna
861 889 1047 960 conslanter
1066 885 1214 958 similaris
1232 905 1262 955 et
1282 887 1421 954 ambitus
1447 881 1585 953 reflexus
1607 881 1701 954 nullo
1726 909 1885 981 umquam
1910 891 2058 984 cingitur
2196 901 2197 922 ¹

381 1023 384 1028 ·
423 996 575 1088 margine
599 990 650 1062 vel
671 995 807 1086 proprio
830 991 882 1061 vel
904 985 1060 1062 thallodei
1123 988 1239 1058 Subtus
1258 988 1411 1056 ratneotis'
1432 979 1652 1054 llocculolise
1674 983 1763 1054 thalli
1788 1002 1818 1053 et
1841 983 2059 1080 podetiosum

423 1097 551 1164 interna
582 1087 752 1162 duslulosa
780 1115 946 1186 compage
977 1083 1099 1160 obsessa
1121 1087 1182 1167 etl,
1210 1085 1392 1156 decaetero
1411 1079 1517 1154 subtus
1534 1083 1654 1170 libera,
1680 1105 1712 1155 et
1726 1085 1850 1156 ambitu
1867 1081 1925 1156 suo
1941 1089 1984 1160 ad
2004 1113 2059 1186 pa·
2196 1079 2197 1146 3

427 1199 544 1266 sietem
565 1189 699 1264 filluloh
714 1189 838 1289 podetii
852 1191 968 1280 allisa,
996 1189 1084 1260 unde
1107 1191 1317 1284 apotheciutu
1338 1206 1446 1258 totum
1470 1179 1799 1260 intrinsecus-cavum
1819 1185 1938 1261 evadit.

534 1368 630 1437 Levis
645 1383 753 1434 nutent
774 1363 818 1436 etl
837 1365 1089 1460 apotheciorum
1111 1366 1268 1442 variatio,
1293 1353 1315 1430 st
1332 1377 1542 1454 comparetur
1557 1383 1633 1428 curn
1652 1357 1880 1458 polymorpho
1897 1360 1990 1434 thalli
2011 1366 2062 1434 in·

424 1463 502 1538 dote
520 1470 553 1536 in
573 1469 638 1538 hoc
656 1469 802 1550 Genese,
829 1469 884 1562 qui
902 1463 1052 1559 exerrspla
1073 1457 1173 1533 offert
1189 1464 1411 1532 mutationum
1430 1454 1562 1530 sotrnae
1579 1481 1609 1530 et
1630 1459 1754 1556 figurae
1779 1465 1814 1532 in
1837 1481 1910 1534 toto
1934 1466 2059 1562 Regno

423 1568 610 1664 vegetabili
631 1564 697 1637 stne
715 1570 794 1664 pari.
852 1562 994 1636 Thallus
1020 1559 1177 1634 soliaceus
1202 1587 1272 1633 non
1298 1585 1372 1631 raro
1393 1564 1538 1631 omniuo
1563 1557 1722 1632 evanescit
1743 1580 1774 1633 et
1795 1559 1927 1662 podetia
1952 1567 1994 1635 ab
2014 1589 2058 1638 eo

424 1667 586 1764 produdla
605 1671 646 1737 ita
664 1667 938 1762 transfigurantur
954 1687 1050 1760 atque
1065 1684 1130 1734 tarn
1149 1663 1261 1754 multis
1278 1661 1388 1732 modis
1411 1665 1578 1748 variantur
1600 1681 1634 1733 ut
1653 1665 1782 1734 l'rothei
1801 1689 1896 1736 more
1918 1685 2059 1754 inritata,
2197 1737 2198 1758 χ

421 1764 481 1841 sub
499 1765 585 1840 hisce
601 1765 821 1840 diverhlhnris
836 1762 955 1838 sormis
974 1763 1090 1862 species
1110 1759 1195 1864 ipsae
1209 1769 1262 1836 vix
1283 1759 1442 1862 umquam
1459 1759 1609 1833 dillinc‘le
1626 1759 1783 1860 cognosci
1799 1763 1932 1864 possint.

535 1937 669 2012 Poiessa
687 1933 813 2036 suuper
830 1937 901 2036 plus
919 1943 1028 2009 utinus
1054 1932 1195 2008 lislulosa
1224 1939 1420 2038 plerumque
1448 1931 1589 2008 insieco
1618 1936 1723 2032 rigida
1750 1961 1781 2012 et
1804 1935 1954 2038 fragilia,
1983 1943 2058 2014 bre.
2197 1905 2198 1968 i

421 2037 572 2126 tillitus,
599 2043 708 2111 brevia
723 2063 754 2110 ct
770 2042 942 2134 elongata,
970 2037 1056 2110 nuda
1075 2039 1125 2109 vel
1141 2033 1369 2136 squammosa,
1397 2035 1555 2138 fintplicia
1576 2039 1625 2113 vel
1643 2035 1789 2124 ramosa,
1816 2045 1928 2114 teretia
1945 2043 1998 2114 vel
2021 2051 2060 2118 itt

422 2137 620 2240 scyphulurn
640 2137 777 2237 superne
791 2138 921 2212 dilatata
940 2137 1187 2237 diaphragrnate
1202 2135 1348 2212 clausum
1366 2141 1416 2211 vel
1433 2157 1593 2236 apertum,
1617 2147 1768 2238 margine
1786 2147 1956 2238 apothecis
1977 2171 2059 2240 pro.

423 2239 551 2329 serens,
580 2244 632 2314 vel
652 2263 812 2313 attenuata
828 2263 860 2312 et
884 2240 1126 2339 prolihcatioue
1149 2237 1349 2312 multimoda
1375 2235 1530 2312 subdivisa
1559 2264 1655 2338 atque
1679 2273 1698 2314 a
1720 2241 1927 2338 primordiali
1944 2242 2059 2322 sorma

422 2344 585 2416 abeuntia.
648 2346 827 2440 Apothecia
850 2347 883 2412 in
911 2347 1061 2438 margine
1087 2336 1289 2438 scyphorum
1312 2339 1491 2438 aliquando
1515 2337 1650 2433 letitia,
1682 2341 1820 2415 demum
1841 2343 1984 2437 elevata,
2013 2351 2054 2422 in

422 2443 563 2544 podetiis
581 2441 751 2516 rantuluhs
768 2448 937 2514 attenuatis
957 2438 1086 2541 satrapes
1107 2443 1290 2514 terminalia
1305 2447 1454 2540 capitata.

529 2618 629 2693 Nulla
647 2639 825 2692 occurrunt
845 2615 886 2690 ad
903 2617 1041 2692 thallum
1062 2621 1095 2688 in
1112 2619 1177 2689 hoc
1193 2619 1321 2689 Genese
1338 2613 1575 2690 naturalislimo
1589 2607 1758 2717 n'pothecia
1779 2613 1963 2698 accessoria.

433 2833 436 2842 ·
534 2789 785 2865 Dusoureae
804 2811 835 2864 et
854 2787 1154 2881 Raeomycidis
1180 2795 1348 2864 Generum
1371 2791 1484 2862 affines
1508 2785 1581 2862 sunt
1600 2791 1914 2884 Cenomycides
1935 2796 2056 2894 quoad

423 2897 572 2968 habiturn
588 2898 861 2991 apotheciorum‚
898 2889 952 2963 sed
978 2895 1018 2965 ab
1041 2892 1103 2964 illis
1125 2887 1264 2964 absentia
1289 2897 1448 2987 marginis
1467 2891 1622 2964 tltallodis
1645 2913 1677 2964 et
1703 2893 1858 2966 llruslura
1884 2899 1976 2970 thalli
2004 2897 2059 2969 di·

424 2991 514 3068 versa
532 3021 593 3066 nec
611 3019 681 3067 non
698 2989 875 3092 praesentia
896 2990 1132 3093 podetiorum‚
1156 2995 1196 3065 ab
1211 2999 1259 3068 his
1277 2997 1456 3092 apotheciia
1474 2989 1666 3067 intrinsecus
1682 2998 1768 3066 cavis
1781 3013 1814 3067 et
1825 3015 1939 3070 natura
1959 3001 2057 3072 thalli

423 3095 520 3170 valde
543 3094 724 3170 distinctae.

534 3273 985 3358 NomenGenerisasteres,
1013 3274 1203 3344 inaniter
1220 3296 1330 3363 μυκη,
1356 3267 1737 3368 sungusellychnii
1756 3269 1931 3373 composui
1951 3279 1996 3350 ob
2012 3273 2057 3348 h·

423 3370 647 3446 militudiuem
661 3376 913 3470 apotlseciorum
933 3397 1010 3444 cum
1031 3374 1086 3445 tali
1105 3369 1254 3466 suugillo
1273 3394 1304 3444 et
1318 3376 1491 3444 cavitatem
1507 3396 1626 3445 eorum
1645 3373 1847 3454 intrinsecus.

535 3550 603 3620 Sub
616 3549 681 3620 hoc
699 3549 827 3621 Genere
844 3543 1172 3644 comprehenduntur
1191 3551 1447 3618 tironiensis
1466 3541 1585 3644 species
1606 3551 1746 3622 Achae.
1766 3551 1872 3625 hleth.
1894 3553 1986 3624 Lich.
2013 3608 2056 3628 .-

424 3649 649 3720 Cunuourau
682 3653 775 3746 Sper.
801 3645 987 3728 l-lossm..
1020 3645 1211 3734 Sclrrad.‚
1249 3645 1377 3736 Pers,
1409 3649 1576 3720 Schreb.
1604 3645 1727 3724 subdit.
1754 3653 1844 3724 Lich.
1868 3657 1902 3723 iu
1923 3657 2051 3730 Gener.

423 3749 527 3826 Plant.
560 3783 601 3804 -·
654 3753 797 3820 Prxsnrr
823 3747 1063 3844 Specttttt„
1098 3751 1262 3822 Schreb.
1289 3747 1365 3828 he.
1393 3783 1435 3806 -
1485 3753 1857 3852 CornuuotmsSpec.
1878 3755 2053 3835 Diti.-

423 3853 646 3928 Sorttttezstt
659 3869 690 3922 et
709 3855 977 3924 Conutcutnrr
993 3843 1137 3940 Weis‚
1164 3849 1280 3924 wsb.

888 4165 1204 4266 Explicatio
1255 4171 1577 4270 Figuratum.

1120 4352 1229 4423 Tab
1271 4343 1338 4424 Xh

422 4531 485 4608 tte
505 4541 537 4604 3.
584 4525 771 4609 Cettonsyeis
784 4518 964 4614 oneriferae
977 4531 1165 4610 apotherinrn
1185 4527 1452 4607 hemisphaerieum
1474 4549 1540 4590 cnm
1560 4545 1643 4611 parte
1664 4529 1785 4598 thallil'.
1805 4535 1920 4619 podetii
1939 4539 1970 4598 ist
1986 4557 2049 4622 qua

658 4609 807 4674 elevatum
827 4613 867 4672 eli
888 4607 924 4669 od
945 4612 1107 4688 marginem
1125 4607 1244 4692 scyphi,
1266 4611 1394 4674 sessione
1408 4612 1666 4696 perpendiculari,
1686 4615 1889 4696 magnitudine
1908 4621 2007 4683 aresta.

939 4823 944 4834 .
1074 4768 1105 4861 μ
1978 4745 2051 4794 ⁸⁸·
