4398 5524
1019 948 1222 1022 GENUS
1281 943 1515 1020 XXXVII.

823 1135 1715 1254 somnusue.

1100 1401 1469 1430 uun-⁸¹·

825 1541 845 1558 *
950 1597 1230 1676 Charsder
1287 1593 1584 1674 Naturalia:

453 1756 707 1826 brannacum
730 1746 950 1821 orbiculatum
975 1743 1235 1834 craffiuscutum,
1269 1745 1409 1818 athalso
1436 1767 1543 1819 totum
1571 1742 1772 1827 formatum,
1797 1762 1889 1820 exttts
1914 1749 2080 1848 cartilagi-

564 1877 668 1924 neum
682 1855 769 1921 intus
794 1849 986 1945 stuppeum,
1012 1845 1307 1946 subpodicellatum
1328 1842 1502 1944 subtusque
1522 1852 1555 1917 in
1582 1847 1705 1918 ambitu
1724 1843 1886 1935 liberum,
1911 1857 2082 1950 margina-

566 1972 656 2034 tum‚
683 1945 772 2021 diseo
793 1949 893 2046 plano
913 1948 1047 2021 dilatato
1060 1947 1164 2020 thasio
1177 1949 1349 2018 concolori
1366 1948 1416 2017 vel
1441 1945 1661 2022 subcolorato.

569 2081 700 2148 Lentino
712 2075 878 2170 preligare
894 2079 1027 2172 propria
1043 2070 1150 2156 nulla,
1178 2067 1231 2143 sed
1246 2073 1455 2170 apothecium
1471 2089 1580 2144 toturn
1596 2067 1691 2169 supra
1707 2067 1815 2144 subtus
1832 2093 1862 2144 ct
1878 2077 1913 2146 io
1928 2082 2084 2173 margine

565 2171 736 2246 substantia
757 2174 903 2246 corticali
924 2173 1011 2248 thalli
1030 2170 1194 2245 indutum.

567 2304 710 2470 G‘bnsffl
731 2304 812 2370 intra
827 2297 919 2470 gralli
940 2320 970 2369 et
986 2301 1148 2398 apothecii
1165 2293 1372 2369 substantiam
1389 2293 1578 2369 corticalem
1597 2291 1874 2394 subgelatinosam
1899 2294 2084 2374 trinitatem

567 2426 602 2472 nl
630 2421 753 2470 0211!ss
779 2427 822 2471 nu
850 2429 871 2476 1ο

455 2527 638 2601 Tussuus
657 2520 990 2596 laciniato·.snrosus
1005 2516 1226 2596 teretiusculnt
1241 2521 1292 2594 vel
1314 2518 1430 2618 planus
1454 2516 1730 2620 subcaespitosus,
1756 2520 2003 2621 cartilaginem,
2027 2527 2084 2598 iu·

562 2647 612 2699 tus
636 2625 786 2724 ssuppeus
801 2621 1038 2701 solidiusculus.

1059 2999 1481 3076 Observationes.

548 3127 569 3203 d
590 3123 841 3215 contemsero,
866 3152 949 3226 quae
964 3123 1006 3197 de
1020 3123 1290 3197 conformatione
1310 3131 1559 3223 apotheciorum
1577 3121 1661 3196 dicia
1679 3119 1751 3198 sunt
1774 3131 1807 3198 io
1830 3121 2083 3200 observationi·

585 3233 643 3303 bus
660 3231 843 3302 Alesiorise
861 3233 981 3301 Generi
997 3222 1192 3317 subjunctis,
1217 3254 1295 3297 natn
1313 3249 1440 3324 praeter
1454 3223 1599 3298 sormam
1618 3225 1855 3322 discrepantem
1874 3249 1904 3298 et
1920 3225 2086 3324 affigcodi

458 3329 600 3406 modum
622 3327 788 3402 diversum
806 3328 1053 3402 Ransaliuae
1077 3331 1254 3422 Apotheeia
1270 3354 1345 3398 cum
1372 3328 1612 3398 Aledioriae
1638 3331 1858 3414 conueniunt,
1892 3349 1922 3400 ct
1944 3334 1977 3398 in
1994 3323 2086 3400 bisce

459 3435 600 3506 articulis
626 3433 873 3504 Ramaiinae
901 3449 1026 3500 tanturn
1051 3429 1093 3498 eb
1113 3433 1163 3499 hit
1189 3423 1380 3509 discedunt,
1414 3449 1573 3522 quantum
1603 3431 1806 3500 borrerae
1829 3451 1859 3498 et
1886 3431 2041 3500 suetae
2064 3457 2084 3498 ss

459 3539 689 3606 Lecaooris
711 3539 794 3604 inter
813 3533 968 3602 bichenes
987 3528 1289 3614 eoenorhatamos,
1317 3526 1427 3627 quoad
1454 3553 1574 3624 nempe
1590 3532 1771 3623 apothecis.
1831 3529 2087 3622 Karnalinae

459 3639 641 3732 Apothecia
657 3633 697 3704 ad
713 3655 862 3706 centrum
882 3625 988 3702 subtus
1011 3629 1114 3702 thailo
1141 3627 1320 3725 affiguntur
1347 3627 1510 3700 mediante
1534 3633 1619 3700 brevi
1647 3627 1835 3724 poticella,
1864 3635 2007 3702 tenuiori
2030 3631 2088 3702 uel

456 3732 622 3819 omilium,
648 3755 744 3834 atque
760 3739 838 3806 binc
855 3757 971 3830 parum
986 3729 1110 3804 elevata
1127 3749 1158 3801 et
1172 3735 1315 3802 mamma
1337 3725 1389 3800 sua
1407 3751 1495 3828 parte
1519 3735 1552 3800 in
1570 3729 1694 3800 ambitu
1712 3733 1830 3814 libera,
1857 3756 1917 3800 nce
1939 3751 2005 3800 tota
2022 3726 2088 3802 ses·

458 3834 583 3910 sitiant
607 3841 642 3910 in
667 3837 916 3909 Alesioriis:
949 3833 1089 3904 ambitus
1110 3855 1230 3904 eorum
1255 3826 1442 3904 incrassatus
1463 3831 1601 3902 eleustus
1621 3849 1651 3902 et
1671 3824 1869 3902 subistiiesus
1893 3837 2091 3930 marginem

458 3935 632 4026 efformet,
658 3935 747 4009 unde
764 3961 835 4034 pars
855 3931 970 4034 supina
992 3933 1266 4032 piano-concava
1282 3950 1313 4004 et
1343 3929 1411 4004 sere
1433 3955 1616 4030 numquam
1643 3955 1803 4016 concaua,
1840 3956 1938 4027 quarn
1965 3937 2090 4030 cingit,

459 4037 536 4111 disci
558 4039 706 4113 indolem
730 4042 888 4138 acquirit,
915 4065 932 4108 a
961 4039 1209 4120 Lecanoris‚
1243 4032 1461 4106 Roccellis
1481 4055 1512 4104 et
1533 4031 1684 4104 affinibus
1707 4026 1847 4104 absentia
1868 4033 2009 4104 iarninse
2033 4035 2091 4104 sii·

460 4136 607 4214 scoidcae
635 4143 820 4224 coloratae,
858 4133 988 4210 diversi.
1051 4135 1195 4220 Quando
1220 4132 1328 4206 versus
1354 4141 1569 4206 extremitates
1605 4157 1775 4204 rostrorum
1807 4127 1861 4204 seu
1886 4135 2091 4210 laciniarutrs

461 4243 550 4314 thalli
567 4243 670 4313 locata
687 4239 757 4312 sum
775 4243 943 4330 apothecis
961 4236 1000 4308 ad
1017 4233 1229 4310 insertionem
1252 4235 1408 4336 podicelli
1424 4236 1602 4310 flesiuntur
1616 4238 1721 4331 apices
1744 4259 1878 4322 earum,
1905 4235 1992 4308 unic
2006 4231 2090 4308 sub-

461 4359 511 4412 tus
535 4341 623 4437 quasr
646 4341 893 4438 appendiculam
916 4337 1069 4410 evadunt.

574 4464 719 4560 Gongyli
735 4485 769 4534 ut
787 4468 820 4534 in
836 4463 967 4558 reliquis
985 4462 1179 4532 Licbenibus
1193 4459 1462 4531 Homotbalamis
1481 4465 1562 4532 intra
1582 4457 1786 4532 substantiam
1801 4457 1989 4530 corticalem
2002 4487 2099 4558 apo.

461 4569 646 4640 thcciorum
662 4586 693 4636 et
710 4563 801 4636 titalii
817 4561 1002 4634 nidulantes
1021 4557 1114 4650 nudi,
1141 4581 1174 4632 at
1188 4565 1225 4634 iu
1239 4554 1411 4634 substantia
1423 4559 1596 4635 medullati
1613 4562 1747 4660 ssuppea
1760 4565 1863 4634 rarius
1878 4563 2098 4640 inveniendi.

1989 4689 2101 4762 Sure-
