4382 5518
726 446 947 504 aaronica.
981 421 1155 502 Cladonia.
1467 455 1481 474 '
1684 450 1753 520 tt3

223 627 384 706 ‘ciasculir
408 647 441 702 et
462 625 582 718 obrufit
605 575 785 724 apothecia·
801 619 995 723 subglcbusa
1023 622 1158 698 discreta
1188 621 1238 696 rei
1266 623 1468 700 confluentia
1497 647 1529 700 et
1549 629 1751 727 'conglome-

229 755 323 817 rata‚
363 755 420 827 per
443 750 580 801 aetatem
605 722 806 820 majuscula,
839 729 1038 822 gerentibus.

171 862 290 958 Figura
322 856 457 930 Dilleuii
490 859 583 925 citata
620 854 718 924 banc·
734 853 922 944 varietatem
951 847 1042 922 baud
1068 849 1152 921 bene
1179 855 1362 948 exprimit,
1408 847 1464 924 sed
1497 853 1622 925 nullam
1643 852 1747 925 eliam

232 963 395 1055 aptiorem
419 957 485 1026 buc
510 949 717 1026 referendam
740 955 908 1025 novimut.

144 1131 171 1180 t.
198 1109 238 1180 C.
265 1112 415 1198 uirgam:
450 1099 589 1198 podetiia
618 1071 770 1170 brevibus
795 1095 1007 1170 liliformibua
1033 1093 1129 1168 nudie
1153 1081 1401 1194 prolilieatione
1437 1096 1639 1195 scyphorum
1669 1092 1744 1172 den·
1810 1187 1816 1200 ι

198 1207 406 1279 titulatorum
431 1196 671 1281 ramostssirnia‚
699 1201 798 1270 tantia
823 1199 1021 1298 aemulisque
1043 1202 1176 1292 uirgatis
1188 1201 1371 1298 apotheciia
1397 1204 1744 1274 minuartetminnis.

173 1333 223 1403 En
256 1329 403 1400 Heluetia
427 1351 510 1397 cura
536 1325 748 1394 ¹Schieichcri-
768 1325 885 1397 habco.
953 1326 1047 1396 Tota
1080 1319 1245 1396 subalbida
1272 1323 1446 1422 caespitem
1463 1322 1746 1424 ‚quabrefformat

235 1429 438 1527 pollicarem.
502 1428 619 1509 Remi,
650 1449 668 1496 e
697 1423 938 1518 prolificatione
972 1423 1146 1522 multiplici
1178 1419 1413 1520 scyphulorum
1438 1426 1524 1510 haud
1553 1421 1743 1503 evanescen-

232 1534 316 1601 tium
338 1532 425 1608 orti,
451 1542 563 1596 tenuat
586 1522 725 1594 tandem
747 1529 900 1602 attenuari
923 1521 1065 1596 conserti
1092 1519 1302 1624 subsasligiati
1327 1534 1551 1604 terminantur.
1565 1531 1751 1626 apotheciic

230 1622 431 1724 subdigitatit
459 1627 573 1722 nigris.
624 1627 750 1721 Scyphi
775 1623 960 1708 terminalet
988 1628 1044 1696 rix
1067 1621 1137 1702 ulli.

116 1849 182 1908 22.
210 1823 471 1904 CENOMYCE
497 1795 739 1918 allottopa.

169 1959 211 2032 C.
240 1953 330 2025 thalli
364 1949 482 2020 lubulia
503 1953 648 2018 'minutia
667 1947 939 2018 lacero-creontis
960 1945 1155 2028 imbricatis,
1193 1941 1333 2041 pudetiia
1358 1945 1521 2042 elongatis
1546 1946 1740 2038 cylindricit

230 2049 376 2138 tandem·
395 2045 550 2123 ramalia:
586 2044 714 2142 scyphis
739 2042 1050 2140 expanso-dilatatis
1080 2041 1171 2140 supra
1200 2039 1408 2140 planiusculia
1441 2054 1596 2143 margine
1618 2045 1741 2124 subcre-

232 2157 313 2222 natia
341 2149 477 2220 demum
505 2144 786 2232 evanescentibua3
811 2149 990 2242 apotheciia
1006 2141 1199 2238 majusculir
1222 2140 1332 2248 suscit.

168 2275 303 2350 Habitat
330 2267 423 2370 supra
452 2292 568 2342 tertam
593 2268 634 2340 ad
660 2265 731 2339 satra
751 2268 831 2341 locis
858 2263 1017 2362 sylvaticia
1042 2272 1204 2368 Europae.

165 2397 311 2476 Thallus
335 2393 491 2470 soliaceut
516 2393 731 2490 utplurimum
751 2396 844 2490 perit.
898 2389 993 2472 Adeo
1017 2389 1310 2492 polymorpbaesl
1331 2389 1409 2468 hece
1433 2385 1564 2494 species,
1600 2419 1647 2481 ut,
1674 2395 1734 2470 nist
1782 2407 1785 2420 '
1885 2417 1886 2424 ’

232 2497 402 2598 separatim
432 2486 691 2566 describerentur
720 2499 788 2586 ejus
823 2498 986 2590 praecipui
1023 2499 1212 2568 varietatum
1242 2493 1354 2577 modi,
1391 2520 1548 2593 perquam
1580 2499 1734 2572 vacillant

232 2597 384 2672 evaderet
408 2603 476 2690 ejut
506 2599 632 2670 notitia.
692 2598 722 2666 Λ
747 2599 776 2666 C
786 2618 988 2686 euomyce
1010 2601 1265 2689 ecmocyna,
1297 2601 1350 2666 cui
1377 2601 1521 2668 maxime
1546 2596 1655 2672 affinia
1674 2599 1731 2686 eti,

230 2693 360 2784 differt,
391 2715 427 2767 ut
450 2715 543 2768 antea
564 2691 604 2765 ad
626 2718 699 2766 eam
725 2695 863 2778 monui,
878 2699 880 2706 “
896 2690 1035 2792 podetiit
1060 2689 1118 2765 sub
1145 2689 1273 2790 scyphis
1300 2718 1370 2767 uon
1400 2691 1575 2792 anguilatia
1600 2719 1633 2768 et
1659 2693 1733 2793 scy-

231 2805 373 2896 phorum
394 2797 595 2892 marginibus
617 2798 721 2889 rnagia
743 2791 879 2865 dilatarit
897 2789 1118 2890 etexpnnsn,
1150 2793 1238 2864 unde
1259 2793 1472 2892 diaphragma
1495 2791 1565 2866 sare
1595 2799 1731 2892 planum

228 2897 280 2969 uel
303 2921 418 2992 parurn
440 2911 622 2966 concavum
649 2889 847 2967 observatur.
899 2891 963 2964 Sed
983 2893 1069 2966 ualet
1089 2897 1203 2966 haecce
1226 2915 1303 2966 nota
1329 2895 1583 2968 charadierillioa
1604 2919 1732 2974 tantum

232 2996 274 3069 do
303 2992 417 3092 speciei
451 2989 626 3066 individuis
654 3000 687 3064 in
719 2993 797 3064 slaru
834 2989 1020 3088 persedliori
1053 2995 1179 3079 obtin,
1209 2991 1330 3076 scilicet
1359 2995 1493 3088 quando
1522 2991 1650 3098 scyphir
1684 3003 1732 3072 iu·
1872 2974 1890 3050 ,¹

229 3098 395 3172 llruunrur
427 3093 619 3190 completis,
658 3120 735 3184 nam
763 3119 820 3187 prr
852 3116 987 3164 aetatem
1019 3099 1051 3166 hi
1079 3099 1224 3164 omniuo
1247 3089 1441 3180 evanescunt
1468 3114 1500 3168 er
1523 3121 1585 3192 per
1614 3120 1733 3172 eorum

229 3195 507 3296 prolificationem
531 3187 809 3292 podetiaramosa
833 3193 973 3264 evadunt
996 3217 1028 3264 er
1052 3191 1263 3276 tuultimodaa
1287 3190 1411 3278 sormat
1434 3191 1618 3266 admodum
1647 3197 1732 3270 dissi-

232 3292 339 3376 miles·
365 3291 540 3376 asl'umunt.
611 3290 779 3376 Quasdam
805 3298 982 3372 ,varietates
1017 3319 1078 3388 pro
1118 3296 1303 3365 Licbene
1340 3291 1547 3390 pyxidato
1572 3295 1606 3370 l.
1639 3293 1732 3369 sitn-

233 3399 374 3470 briatu
401 3399 535 3469 Linnaci
553 3423 578 3466 a
598 3390 937 3490 quibusdant··habitaa
958 3389 997 3462 ad
1021 3395 1104 3466 hauc
1126 3387 1269 3489 speciem
1288 3389 1412 3472 referre
1431 3417 1502 3468 nou
1522 3392 1663 3468 dubitaui
1685 3397 1732 3470 cb

230 3493 442 3596 podetiorum
464 3491 709 3592 longitudinem
733 3499 893 3585 majorem
914 3511 945 3562 et
970 3499 1181 3576 tenuitatem,
1205 3518 1375 3594 quumque
1399 3499 1562 3594 margines
1588 3489 1731 3606 scypho·

229 3593 433 3691 commagir
462 3589 621 3692 expansos
652 3618 714 3666 nec
739 3614 851 3692 argute
877 3589 1025 3665 dentatos
1051 3587 1104 3664 sed
1127 3587 1255 3664 tantuni
1277 3619 1319 3666 ex
1344 3585 1522 3691 apdtheciit
1546 3585 1731 3673 minoribua

229 3693 382 3769 sedilibus
402 3695 585 3768 crenul'atos
604 3697 799 3770 invenerim.
852 3697 1012 3766 Lirtnaetre
1036 3689 1106 3792 ipse
1127 3696 1255 3788 figuris
1272 3691 1408 3766 Dillettii
1429 3687 1538 3768 solum
1558 3691 1635 3794 fisua
1659 3725 1731 3774 noa

228 3821 306 3873 rato
328 3791 539 3871 commiscuit
559 3815 592 3866 et
613 3789 731 3892 species
758 3813 791 3866 er
809 3799 976 3866 uarietates
999 3797 1095 3890 hujus
1114 3796 1262 3868 Generis.
1309 3795 1584 3892 Quamplurimae
1601 3802 1732 3872 Certo·

230 3888 369 3990 myria
397 3895 637 3992 allotropae
661 3899 827 3965 varietatet
848 3898 882 3964 io
902 3893 1021 3966 ecdem
1046 3895 1123 3966 loco
1144 3892 1194 3978 ael
1215 3888 1353 3990 caespite
1373 3891 1468 3968 simul
1483 3893 1662 3971 crescentes
1672 3904 1730 3980 jn.

229 4002 424 4082 veniuntur,
447 3991 504 4068 sed
524 3998 912 4085 interCenomycem
935 3994 1179 4088 pyxidatam
1196 4014 1230 4064 et
1248 3999 1317 4085 cjua
1332 3997 1519 4084 uarietatem
1544 3992 1730 4070 simbria.

232 4118 312 4170 tam
348 4091 403 4168 vix
439 4119 597 4191 umquam
630 4087 842 4164 observantur
870 4095 1133 4186 Cenornycir
1170 4093 1418 4190 eliotropae
1451 4092 1729 4175 euodisicationea.

227 4198 338 4270 Color
355 4193 616 4298 podetioromut
640 4193 797 4265 intimum
817 4217 864 4262 ex·
883 4191 960 4266 albo
983 4192 1035 4264 vel
1057 4189 1187 4291 pallido
1206 4187 1409 4282 suscescemg
1432 4192 1598 4267 interdum
1623 4205 1730 4296 magia
1822 4248 1826 4259 ·

227 4292 340 4369 suscue
352 4317 391 4368 'et
411 4299 579 4382 cinerem,
605 4219 775 4392 lltperhcie
798 4289 887 4364 nuda
908 4313 946 4399 et
961 4297 996 4366 in
1017 4288 1251 4366 senescentibus
1265 4289 1419 4368 scabrida
1434 4321 1479 4368 ac
1494 4289 1676 4393 squamosa.
1785 4386 1789 4394 Ἴ

156 4429 464 4514 Cenomycem
488 4407 698 4490 surcattatn
721 4413 822 4510 (uide
840 4413 1049 4507 inimicum
1073 4413 1139 4490 suia
1159 4418 1364 4492 uarietatibrt't
1386 4419 1432 4492 eb
1453 4422 1515 4492 bac
1529 4414 1647 4516 specie
1667 4429 1733 4497 ori·

231 4528 346 4621 ginem
371 4517 495 4590 ducere
521 4517 771 4614 probabile'ell,
809 4513 863 4590 sed
886 4521 931 4592 ob
948 4515 1097 4592 ratioue'a
1116 4515 1158 4590 ad
1181 4517 1403 4592 hencallnac
1425 4519 1733 4615 distingueremu-

227 4625 407 4696 nculcatius
428 4624 548 4720 put-aui.
1435 4661 1441 4672 .
1503 4625 1526 4694 ,q
1582 4661 1586 4673 .

1388 4673 1391 4684 t

820 4679 824 4686 ’
941 4805 946 4813 ,
985 4715 1098 4786 ntur
1163 4676 1166 4686 ’
1627 4747 1666 4798 α,
1690 4729 1730 4800 ρ,
