4398 5524
736 868 934 944 GENUS
985 865 1145 943 XXIX.

450 1045 497 1136 n
586 1047 630 1137 υ
717 1047 777 1176 Β
842 1047 889 1136 o
980 1045 1023 1133 u
1111 1043 1151 1136 rr
1237 1044 1276 1136 rr
1363 1049 1421 1167 n

782 1247 1100 1282 ¹¹¹*-

638 1425 916 1502 Charat‘ier
967 1426 1242 1504 Naturalis.

141 1565 380 1640 Arusnatium
395 1559 613 1638 orbiculatum
635 1565 670 1633 in
688 1559 821 1632 rarnuiis
840 1561 929 1635 thalli
950 1563 1139 1650 terminale,
1167 1567 1201 1634 in
1217 1562 1342 1634 ambitu
1363 1558 1466 1634 thailo
1489 1557 1646 1646 affixum,
1672 1557 1748 1632 snb·

240 1689 287 1740 tos
308 1668 406 1737 abeo
423 1663 574 1735 vellitntn
595 1658 783 1760 ibidemque
802 1659 955 1752 liberunt,
980 1667 1132 1760 margine
1147 1661 1294 1736 thallode
1309 1659 1455 1760 undique
1472 1663 1632 1752 uinclum,
1656 1657 1748 1735 disco

239 1760 635 1866 plano-convexiusculm

238 1895 374 1964 Lumina
395 1891 560 1984 prohgero
584 1881 710 1959 discum
733 1906 766 1958 et
787 1906 894 1958 toturn
919 1882 989 1957 fere
1017 1892 1226 1984 apotheciutn
1249 1881 1344 1984 supra
1368 1883 1585 1971 constituens,
1618 1889 1747 1979 apicem

238 1986 388 2062 obtusum
406 2013 576 2060 ramorum
591 1988 682 2059 thalli
700 1993 878 2059 terminans
902 2007 934 2058 ct
954 1983 1061 2058 eidem
1081 1985 1216 2070 adnata,
1248 1992 1284 2058 in
1307 1987 1431 2056 ambitu
1449 1993 1593 2083 margine
1611 1987 1747 2056 stature

234 2085 420 2162 subelerato
444 2090 570 2174 cin6la3
603 2092 813 2160 membranula
838 2087 983 2158 colorata
1007 2089 1109 2178 resim
1139 2085 1437 2186 plano-convexa,
1460 2083 1600 2184 fimplsx
1616 2079 1746 2156 craffiu·

236 2187 345 2278 scula·,
366 2193 610 2286 porenrhytnala
631 2182 873 2286 subgelatinoso
887 2185 1033 2262 similari.

237 2319 378 2412 Gongyli
391 2319 475 2384 intra
492 2309 700 2386 substantiam
715 2317 870 2386 Lanrinae
888 2313 1074 2408 proligerae
1093 2309 1279 2387 nidulantes
1294 2311 1374 2386 nudi
1397 2307 1508 2409 sparh.

142 2439 301 2514 Tartarus
319 2435 544 2514 teretiusculus
560 2433 708 2510 ramosus
722 2433 1007 2534 subcartilagineur
1023 2435 1177 2524 mollior,
1203 2443 1290 2510 intus
1308 2436 1459 2534 ssuppeus
1478 2426 1654 2506 fislulosns.

726 2741 1142 2847 Observationes.

142 2877 332 3066 Medium
348 2915 440 2970 tenet
453 2893 821 2969 locumDusoureae
836 2901 947 2969 Genus
967 2902 1219 2974 inrerLichenes
1231 2892 1527 2988 Coenothalamos,
1543 2893 1739 2970 Discoid'eoa

256 3020 286 3071 et
301 2996 556 3094 Cephaloideos.
609 2995 663 3067 Ad
679 2993 926 3068 similitudinem
944 2997 1168 3096 quorumdam
1195 3023 1234 3070 etr
1258 3001 1308 3069 his
1328 3003 1469 3096 (nempe
1489 3000 1741 3086 Cenomyci·

141 3097 239 3188 dum)
253 3099 412 3170 accedunt
430 3099 608 3194 apotheciit
631 3097 853 3166 terminalibus
869 3093 978 3168 subtus
995 3098 1122 3182 liberis,
1151 3117 1182 3168 at
1208 3104 1358 3194 margine
1375 3095 1521 3169 thallode
1539 3095 1683 3168 evidenti
1697 3097 1742 3166 ah

139 3202 170 3268 iis
182 3196 348 3270 differunt:
375 3196 532 3268 cumillis
552 3199 758 3268 conveniunt
782 3192 961 3292 praesentia
984 3199 1077 3290 hujus
1101 3203 1258 3290 marginis
1278 3197 1438 3270 laminam
1458 3195 1676 3282 diseoideam,
1703 3212 1740 3264 ut

138 3302 213 3368 iniis
233 3295 381 3370 solemne
402 3297 465 3384 esi,
491 3302 652 3395 cingentis
675 3330 716 3346 -
738 3315 770 3365 at
787 3292 992 3369 essentialiter
1010 3301 1043 3368 in
1062 3323 1102 3370 eo
1119 3294 1308 3368 differunta
1328 3299 1479 3395 reliquis,
1515 3294 1605 3394 quod
1629 3291 1739 3393 ipsum

138 3401 329 3494 spatharium
345 3393 454 3468 subtus
470 3397 613 3470 liberum
633 3395 677 3468 cll
698 3415 730 3466 et
752 3415 878 3469 tanturn
899 3402 933 3468 in
955 3401 1103 3480 ambitu,
1133 3395 1299 3470 mediante
1321 3403 1471 3494 margine
1495 3393 1638 3470 thallode
1664 3412 1738 3468 toto

138 3493 235 3586 suffiti,
259 3497 410 3574 affirmo.
462 3501 535 3569 Hac
556 3500 806 3597 comparatione
818 3495 924 3585 seila,
956 3495 1183 3572 conformatio
1206 3501 1369 3594 apothecii
1387 3496 1474 3597 apud
1492 3493 1737 3572 Dusoureas

136 3595 228 3691 perse
245 3615 337 3695 patet.
391 3593 522 3670 Addam
540 3617 669 3686 tamen,
695 3597 918 3672 illustrationis
944 3603 1065 3696 gratia,
1100 3597 1192 3696 quod
1217 3601 1333 3670 haecce
1354 3603 1543 3695 apothecis,
1568 3604 1613 3670 uti
1636 3603 1736 3668 etiam

135 3693 482 3792 Cenomycidum‚
507 3693 565 3770 sub
583 3696 704 3796 duplici
722 3694 894 3796 adspellu,
920 3697 1029 3796 quoad
1045 3697 1344 3795 compositionem,
1377 3697 1574 3772 confidenti
1596 3696 1735 3793 possint:

136 3803 274 3870 ruteoim
292 3824 328 3869 ea
344 3795 555 3896 conditione,
582 3804 628 3870 uti
649 3797 806 3894 fimplicia
824 3797 1039 3884 aenirnmda,
1073 3799 1164 3898 quod
1187 3825 1205 3870 e
1228 3798 1350 3871 lamina
1370 3801 1536 3896 proligera
1561 3795 1627 3870 sole
1654 3822 1735 3868 con·

135 3895 307 3984 situantur,
333 3899 498 3994 quemad
521 3897 718 3970 modumin
743 3901 1028 3984 Urceolariis,
1054 3898 1259 3972 Peltirleis
1285 3923 1315 3970 et
1336 3903 1588 3997 Nephromis
1610 3929 1650 3947 ··
1679 3915 1734 3966 ant

120 3995 194 4068 ‘ilco
209 3995 392 4093 composita
412 3996 623 4095 appellanda,
649 3995 739 4095 quod
759 3993 867 4070 subtus
888 4025 905 4069 e
923 3999 1020 4071 llrato
1035 3998 1181 4074 thallode
1198 4000 1309 4074 vestita
1328 3989 1513 4072 tie-tamina-
1528 4017 1559 4069 et
1583 4000 1736 4094 margine

134 4097 259 4170 thallode
287 4097 452 4170 tenentia.
515 4095 614 4182 Quast
632 4095 791 4194 fitnplicia
812 4095 852 4168 ad
870 4103 1024 4172 Lichenes
1039 4099 1294 4183 idiothalamos,
1318 4098 1406 4196 quali
1424 4095 1604 4194 composita
1626 4094 1733 4170 const·

131 4191 219 4268 derata
241 4203 326 4270 inter
354 4201 637 4274 Coeuothalamus
657 4197 772 4270 locum
794 4199 853 4270 fibi
875 4197 1066 4284 vindicant,
1098 4222 1130 4272 et
1153 4205 1242 4274 hunc
1268 4224 1334 4298 ego
1359 4203 1459 4272 etiarn
1475 4200 1634 4298 putoillis
1651 4225 1735 4274 coo·

130 4296 403 4372 senientiss'rmum.

219 4427 272 4498 Er
295 4423 400 4496 allatis
425 4421 553 4522 oppido
573 4445 676 4525 patet,
706 4423 796 4526 quod
818 4450 895 4498 cum
920 4422 1017 4496 nullo
1033 4423 1102 4496 alio
1115 4427 1293 4498 lichenum
1313 4429 1441 4498 Genere
1458 4419 1617 4498 confundi
1637 4419 1730 4520 poffit

129 4519 351 4613 nulnum,
376 4522 439 4599 nifi
460 4551 539 4604 euru
561 4523 882 4621 Cenomycide3
904 4521 961 4600 scd
985 4529 1138 4600 etiam-ab
1160 4528 1225 4602 hoc
1245 4526 1411 4600 evidenter
1427 4528 1653 4624 distinguitur:
1676 4523 1729 4636 'la-

1638 4643 1731 4694 mana
